=LDR  01228nam-a22002054u-4500
=001  pl000000010
=005  20170531
=008  980219s1988----\\\\\\\\\\\\\\\\\\\\pol
=040  \\$aIBL$bpol
=100  1\$aNałkowska, Zofia$d(1884-1954)$4aut$1http://viaf.org/viaf/9864108
=245  10$aDzienniki. T. 4: 1930-1939. Cz. 1-2 /$cZofia Nałkowska ; Oprac., wstęp i koment.: Hanna Kirchner
=264  \1$aWarszawa : $bCzytelnik,$c1988
=520  2\$aT. 4: 1930-1939. <BR>Cz. 1 (1930-1934). 1988, 482 s., [26] s. tabl.: faks., fot., portr. <BR>Cz. 2. (1935-1939). 1988, 511 s., [24] s. tabl.: faks., fot., portr.
=590  \\$aksiążka twórcy (podmiotowa)
=650  04$aHasła osobowe (literatura polska)
=650  \7$aPolish literature$2ELB-n
=700  1\$aKirchner, Hanna$d(1930- )$eWstęp i opracowanie$4aui$4red$1http://viaf.org/viaf/46789644
=856  42$uhttp://libri.ucl.cas.cz/Record/pl000028887$yreviewed by: Żak Stanisław, [no title], Język Polski w Szkole Średniej, Kielce 1989, z. 1 (1989/1990), s. 117-118$4N
=856  42$uhttp://libri.ucl.cas.cz/Record/pl000068875$yreviewed by: Katz Hewetson Janina, [no title], Puls, Londyn 1989, nr 42/43, s. 161-168$4N
=995  \\$aPolska Bibliografia Literacka$bPBL 1989-2003: książki i czasopisma

