=LDR  00912nam-a22001934u-4500
=001  pl000000021
=005  20090123
=008  980220s1988----\\\\\\\\\\\\\\\\\\\\pol
=040  \\$aIBL$bpol
=100  1\$aBabinicz, Waldemar$d(1902-1969)$4aut$1http://viaf.org/viaf/84287999
=245  10$aWybór opowiadań /$cWaldemar Babinicz.
=264  \1$aŁódź : $bWydawnictwo Łódzkie,$c1988
=300  \\$a216 s.
=520  2\$aJan Koprowski: Życie i twórczość W. Babinicza. - Ludzie to powiedzieli. Dezerter. Wyprawa po runo. Małgorzata. Dyskusja o literaturze. Sąd. W kręgu Andersena. Orzechy w miodzie. Powrót. Brytan i jego pan. Pokój nauczycielski.
=590  \\$aksiążka twórcy (podmiotowa)
=650  04$aHasła osobowe (literatura polska)
=650  \7$aPolish literature$2ELB-n
=710  2\$aWydawnictwo Łódzkie$1http://viaf.org/viaf/265924884
=995  \\$aPolska Bibliografia Literacka$bPBL 1989-2003: książki i czasopisma

