=LDR  01452nam-a22002774u-4500
=001  pl000000042
=005  20090218
=008  980220s1988----\\\\\\\\\\\\\\\\\\\\pol
=040  \\$aIBL$bpol
=100  1\$aBabula, Grzegorz$4aut$1http://viaf.org/viaf/162815213
=245  10$aA to mistyka! /$cGrzegorz Babula.
=264  \1$aWarszawa : $bIskry,$c1988
=300  \\$a217 s.
=380  \\$iMajor genre$aLiterature$leng
=381  \\$iMajor genre$aFiction$leng
=490  0\$aFantastyka, Przygoda
=520  2\$aResocjalizacja. Landrynki. Powód do rozwodu. Pożytek z żony. Klatka. Szpital w centrum [tekst dram.]. Wojna, panie! Czekanie na cud. Zawód: archanioł. Ściany malowane w obłoki. Dylemat. R.I.P. Dziad. Głupiemu radość. Adam i bogowie [tekst dram.]. Rondo.
=590  \\$aksiążka twórcy (podmiotowa)
=650  04$aHasła osobowe (literatura polska)
=650  \7$aPolish literature$2ELB-n
=655  \4$aOpowiadania
=655  \4$aOpowiadania i nowele
=856  42$uhttp://libri.ucl.cas.cz/Record/pl000000047$yreviewed by: [no author], [no title], mF5 magazyn Faktów, Bydgoszcz 1988, nr 7, s. 18$4N
=856  42$uhttp://libri.ucl.cas.cz/Record/pl000027635$yreviewed by: Natanson Jacek, [no title], Nowe Książki, Warszawa 1989, nr 3, s. 43-44$4N
=856  42$uhttp://libri.ucl.cas.cz/Record/pl000028597$yreviewed by: (rr) , [no title], Itd, Warszawa 1989, nr 9, s. 22$4N
=995  \\$aPolska Bibliografia Literacka$bPBL 1989-2003: książki i czasopisma

