=LDR  00775nam-a22001694u-4500
=001  pl000000043
=005  20090212
=008  980220s1988----\\\\\\\\\\\\\\\\\\\\pol
=040  \\$aIBL$bpol
=100  1\$aBartoszyński, Kazimierz$4aut
=245  10$aTeoria i interpretacja. Szkice literackie /$cKazimierz Bartoszyński.
=264  \1$aWarszawa : $bPaństwowe Wydawnictwo Naukowe,$c1988
=300  \\$a339 s.
=590  \\$aksiążka w haśle rzeczowym
=650  04$aTeoria literatury. Ogólne
=856  42$uhttp://libri.ucl.cas.cz/Record/pl000000045$yreviewed by: Tomasik Wojciech, [no title], Literary Studies in Poland. Etudes Litteraires en Pologne, Wrocław, Warszawa, Kraków, Gdańsk, Łódź 1988, t. 20, s. 89-99$4N
=995  \\$aPolska Bibliografia Literacka$bPBL 1989-2003: książki i czasopisma

