=LDR  00804nam-a22001934u-4500
=001  pl000000048
=005  20001215
=008  980223s1988----\\\\\\\\\\\\\\\\\\\\pol
=040  \\$aIBL$bpol
=100  1\$aFaber, Wincenty$d(1936-1980)$4aut$1http://viaf.org/viaf/9883320
=245  10$aSkaczące lato /$cWincenty Faber ; Ilustrator:Darowska Zofia
=264  \1$aKraków : $bWydawnictwo Literackie,$c1988
=300  \\$a46 s.
=590  \\$aksiążka twórcy (podmiotowa)
=650  04$aHasła osobowe (literatura polska)
=650  \7$aPolish literature$2ELB-n
=700  1\$aDarowska, Zofia$eIlustrator$4ill
=856  42$uhttp://libri.ucl.cas.cz/Record/pl000077084$yreviewed by: [no author], [no title], Świat Książki, Warszawa 1989, nr 10, s. 38$4N
=995  \\$aPolska Bibliografia Literacka$bPBL 1989-2003: książki i czasopisma

