=LDR  01605nam-a22002174u-4500
=001  pl000000049
=005  19980223
=008  980223s1988----\\\\\\\\\\\\\\\\\\\\pol
=040  \\$aIBL$bpol
=100  1\$aFafiński, Sławomir$d(1952- )$4aut$1http://viaf.org/viaf/102017982
=245  10$aWygonić karła. /$cSławomir Fafiński.
=264  \1$aOlsztyn : $bPojezierze,$c1988
=300  \\$a69 s.
=380  \\$iMajor genre$aLiterature$leng
=381  \\$iMajor genre$aLyrical poetry$leng
=520  2\$aEtymologia. O ojczyznę. Kryjówka. Wymyślono nas sobie... Wspomnienie z rozgadanego domu.Nie wie. Przeciw komuś. Jakiś początek. Wygonić karła. Przekonam was. Wizyta. Właściwie o miejscu pobytu. Świerszcz. Dwojakie trwanie. Może tylko z lektury. Drogi snu. Zawsze pierwsza. Mieszkańcy wyspy. Do wykorzystania. Z podróży. Traktat o ukrywających się. Poznanie. Miejsce. Mniejsi. Wolnym wierszem. Wywiad. Plagiat. Z pogardą. Widzisz. Młode wino. Wśród okrzyków. Równowaga. Kim jesteś? Bóg nauczył nas również... Boże nasz jak mam wypowiedzieć... Czy jeszcze. Przebudzenie. Próba definicji dobra i zła. Poranek. Gołębie. Wieść. Rycerz. Gotyk nie myślał. Ja tak nie potrafię. Wielka wygrana. Bunt. Rozmowa. Oryginał. Jeszcze raz powtórzyć świat. Ulica umarłych lip. Autobiografia. Na chwilę. Pretendent. W takich warunkach... - [Not. i fot. na okł.].
=590  \\$aksiążka twórcy (podmiotowa)
=650  04$aHasła osobowe (literatura polska)
=650  \7$aPolish literature$2ELB-n
=655  \4$aWiersze
=995  \\$aPolska Bibliografia Literacka$bPBL 1989-2003: książki i czasopisma

