=LDR  00836nam-a22001814u-4500
=001  pl000000051
=005  20090218
=008  980223s1988----\\\\\\\\\\\\\\\\\\\\\\\
=040  \\$aIBL$bpol
=100  1\$aFalkener, Michał, ca$d(1460-1534)$4aut$1http://viaf.org/viaf/37768088
=245  10$aEksplantio super Aristotelis librum posteriorum analyticorum /$cMichał Falkener ; Komisja do Badań nad Historią Teologii w Polsce przy Akademii Teologii Katolickiej w Warszawie.
=264  \1$aWarszawa : $bAkademia Teologii Katolickiej,$c1988
=300  \\$a374 s.
=490  0\$a51 ; $vTextus et Studia Historiam Theologiae in Polonia Excultae Spectantia
=590  \\$aksiążka twórcy (podmiotowa)
=650  04$aHasła osobowe (literatura polska)
=650  \7$aPolish literature$2ELB-n
=995  \\$aPolska Bibliografia Literacka$bPBL 1989-2003: książki i czasopisma

