=LDR  02122nam-a22002414u-4500
=001  pl000000052
=005  20090218
=008  980223s1988----\\\\\\\\\\\\\\\\\\\\pol
=040  \\$aIBL$bpol
=100  1\$aFangrat, Tadeusz$d(1912-1993)$4aut$1http://viaf.org/viaf/14613566
=245  10$aRymo-wianki. /$cTadeusz Fangrat ; Il. Janina Krzemińska
=264  \1$aWarszawa : $bWydawnictwo Spółdzielcze,$c1988
=300  \\$a30 s., il.
=380  \\$iMajor genre$aLiterature$leng
=381  \\$iMajor genre$aOther$leng
=520  2\$aCo w trawie piszczy: Cisza leśna. Hodowla lasu. Niebezpieczeństwo. Szanujmy drzewa. Ścięcie. Cieszę się. Wiem, co w trawie piszczy. O chlebie. Mowa wiatru. Deszcz. Księżycowa baśń. O astrach. Kaczeńce. Rumianek. Fiołek. O kwiatkach chronionych. Użyteczność. Kłótnia ogórków. Na depcz.acego łąkę. Przywitanie. Pies i krowy. Fraszki wiosenne. O kapuście. Kałuże. Po deszczu. O motylach. Pytanie bociana. Mrówka. O raku. Rada. Muzykalna osa. O pawiu. O sroce. Kura na grzędzie. Biedni. Zurawie. Do mopsa. Głodny miś. Klinika zwierząt. O lwie. Przed sztormem. Zajęcia zimowe. Wiatr za oknem. Śnieg na nosie. Siarczysta robota. O papierze (Skąd się bierze). Mól w książce. Muzyka świerszcza. - Nasze sprawki: Szkoła. Nie lubię. Przysługa. Oj, zielono! O podpowiadaczu. Szkoła nie teatr. Lubienie. Mistrz drzemania. "Wzorowa" uczennica. Zazdrosnik. Straceniec. Znaki rozpoznawcze. Zapaleniec. Dokucznik. Byłby. Źle stojący. Łowca. Gaduła. Chwalipięta. Klasowa krawcowa. Prymus. Do zawadiaki. O garbiącym si.e. Do płaksy. O mocnym. Jeździec szalony. "Dżentelmen". Mocne słówko o czyszczeniu butów. Kowboj. O graczu partaczu. Co ci pomoże? Tęsknoty. Rada. O harcerzach-tropicielach. Pożegnanie wakacji.
=590  \\$aksiążka twórcy (podmiotowa)
=650  04$aHasła osobowe (literatura polska)
=650  \7$aPolish literature$2ELB-n
=655  \4$aFraszki
=700  1\$aKrzemińska, Janina$eIlustrator$4ill
=710  2\$aWydawnictwo Spółdzielcze$1http://viaf.org/viaf/267141933
=995  \\$aPolska Bibliografia Literacka$bPBL 1989-2003: książki i czasopisma

