=LDR  00796nam-a22001934u-4500
=001  pl000000053
=005  20171018
=008  980223s1988----\\\\\\\\\\\\\\\\\\\\pol
=040  \\$aIBL$bpol
=100  1\$aObertyńska, Beata$d(1898-1980)$4aut$1http://viaf.org/viaf/12323530
=245  10$aSkarb Eulenburga$nT. 2 /$cBeata Obertyńska ; Autor posłowia: Zdzisław Eugeniusz Wałaszewski
=264  \1$aLondon : $bVeritas,$c1988
=300  \\$a285 s.
=490  0\$aBiblioteka "Gazety Niedzielnej"
=590  \\$aksiążka twórcy (podmiotowa)
=650  04$aHasła osobowe (literatura polska)
=650  \7$aPolish literature$2ELB-n
=700  1\$aWałaszewski, Zdzisław Eugeniusz$d(1922-2008)$eAutor posłowia$4aft$1http://viaf.org/viaf/59324087
=995  \\$aPolska Bibliografia Literacka$bPBL 1989-2003: książki i czasopisma

