=LDR  01230nam-a22002534u-4500
=001  pl000000054
=005  20090131
=008  980223s1988----\\\\\\\\\\\\\\\\\\\\pol
=040  \\$aIBL$bpol
=100  1\$aJabłoński, Witold$d(1957- )$4aut$1http://viaf.org/viaf/101805142
=245  10$aGorące uczynki. /$cWitold Jabłoński.
=264  \1$aŁódź : $bWydawnictwo Łódzkie,$c1988
=300  \\$a105 s.
=380  \\$iMajor genre$aLiterature$leng
=381  \\$iMajor genre$aFiction$leng
=590  \\$aksiążka twórcy (podmiotowa)
=650  04$aHasła osobowe (literatura polska)
=650  \7$aPolish literature$2ELB-n
=655  \4$aPowieść
=710  2\$aWydawnictwo Łódzkie$1http://viaf.org/viaf/265924884
=856  42$uhttp://libri.ucl.cas.cz/Record/pl000000057$yreviewed by: Świerkowski Maciej, [no title], Odgłosy, Łódź 1988, nr 42, s. 8$4N
=856  42$uhttp://libri.ucl.cas.cz/Record/pl000000060$yreviewed by: Olszewski Tadeusz, [no title], Życie Literackie, Kraków 1988, nr 48, s. 10$4N
=856  42$uhttp://libri.ucl.cas.cz/Record/pl000052739$yreviewed by: Falkowski Jacek, [no title], Krzywe Koło Literatury, Warszawa 1989, nr z IV, s. 9$4N
=995  \\$aPolska Bibliografia Literacka$bPBL 1989-2003: książki i czasopisma

