=LDR  00801nam-a22001814u-4500
=001  pl000000058
=005  20090218
=008  980223s1988----\\\\\\\\\\\\\\\\\\\\pol
=040  \\$aIBL$bpol
=100  1\$aFedorowicz, Jacek$d(1937- )$4aut$1http://viaf.org/viaf/12340439
=245  10$aFelietony i dialogi /$cJacek Fedorowicz.
=264  \1$aParyż : $bKontakt,$c1988
=300  \\$a135 s.
=590  \\$aksiążka twórcy (podmiotowa)
=650  04$aHasła osobowe (literatura polska)
=650  \7$aPolish literature$2ELB-n
=856  42$uhttp://libri.ucl.cas.cz/Record/pl000048749$yreviewed by: Witek Anna, Mechanizmy systemu czyli propaganda siły, Dziennik Polski i Dziennik Żołnierza = The Polish Daily and Soldiers Daily, Londyn 1989, 52, 3$4N
=995  \\$aPolska Bibliografia Literacka$bPBL 1989-2003: książki i czasopisma

