=LDR  00911nam-a22002054u-4500
=001  pl000000062
=005  20090205
=008  980223s1988----\\\\\\\\\\\\\\\\\\\\pol
=040  \\$aIBL$bpol
=100  1\$aObertyńska, Beata$d(1898-1980)$4aut$1http://viaf.org/viaf/12323530
=245  10$aW domu niewoli /$cBeata Obertyńska.
=250  \\$a3
=264  \1$aLondon : $bVeritas,$c1988
=300  \\$a486 s., mapa, portr.
=590  \\$aksiążka twórcy (podmiotowa)
=650  04$aHasła osobowe (literatura polska)
=650  \7$aPolish literature$2ELB-n
=856  42$uhttp://libri.ucl.cas.cz/Record/pl000075837$yreviewed by: Dziuba Andrzej F., [no title], Gazeta Niedzielna, London 1989, nr 42, s. 5$4N
=856  42$uhttp://libri.ucl.cas.cz/Record/pl000287427$yreviewed by: Sariusz-Skąpska Izabella, Upadek Paryża, Kresy, Lublin 1994, nr 20, s. 53-59$4N
=995  \\$aPolska Bibliografia Literacka$bPBL 1989-2003: książki i czasopisma

