=LDR  00655nam-a22001814u-4500
=001  pl000000066
=005  20090205
=008  980223s1988----\\\\\\\\\\\\\\\\\\\\pol
=040  \\$aIBL$bpol
=100  1\$aOdrowąż-Pieniążek, Janusz$d(1931-2015)$4aut$1http://viaf.org/viaf/66500357
=245  10$aCoctail u księżny Gieorgijew. Opowiadania paryskie /$cJanusz Odrowąż-Pieniążek.
=250  \\$a5
=264  \1$aWarszawa : $bCzytelnik,$c1988
=300  \\$a178 s.
=590  \\$aksiążka twórcy (podmiotowa)
=650  04$aHasła osobowe (literatura polska)
=650  \7$aPolish literature$2ELB-n
=995  \\$aPolska Bibliografia Literacka$bPBL 1989-2003: książki i czasopisma

