=LDR  00753nam-a22002054u-4500
=001  pl000000068
=005  20090131
=008  980223s1988----\\\\\\\\\\\\\\\\\\\\pol
=040  \\$aIBL$bpol
=100  1\$aJackiewiczowa, Elżbieta$d(1902-1976)$4aut$1http://viaf.org/viaf/79295770
=245  10$aWczorajsza młodość /$cElżbieta Jackiewiczowa ; Il. Jan Tarasin
=250  \\$a7
=264  \1$aWarszawa : $bNasza Księgarnia,$c1988
=300  \\$a366 s.
=590  \\$aksiążka twórcy (podmiotowa)
=650  04$aHasła osobowe (literatura polska)
=650  \7$aPolish literature$2ELB-n
=700  1\$aTarasin, Jan$eIlustrator$4ill
=710  2\$a"Nasza Księgarnia"$1http://viaf.org/viaf/147390924
=995  \\$aPolska Bibliografia Literacka$bPBL 1989-2003: książki i czasopisma

