=LDR  00897nam-a22002174u-4500
=001  pl000000072
=005  20090130
=008  980223s1988----\\\\\\\\\\\\\\\\\\\\pol
=040  \\$aIBL$bpol
=100  1\$aDostoyevsky, Fyodor$d(1821-1881)$4aut$1http://viaf.org/viaf/104023256
=245  10$aOpowieści fantastyczne /$cFiodor Dostojewski ; Tłumacz: Leśniewska Maria
=250  \\$aWyd. 2 popr.
=264  \1$aKraków : $bWydawnictwo Literackie,$c1988
=300  \\$a139 s.
=590  \\$aksiążka twórcy (podmiotowa)
=650  04$aHasła osobowe (rosyjska)
=650  04$aLiteratury obce, Literatura rosyjska
=650  \7$aRussian literature$2ELB-n
=700  1\$aLeśniewska, Maria$eTłumacz$4trl
=856  42$uhttp://libri.ucl.cas.cz/Record/pl000057956$yreviewed by: Ihnatowicz Ewa, [no title], Fantastyka, Warszawa 1989, nr 8, s. 61$4N
=995  \\$aPolska Bibliografia Literacka$bPBL 1989-2003: książki i czasopisma

