=LDR  01055nam-a22002414u-4500
=001  pl000000074
=005  20090131
=008  980223s1988----\\\\\\\\\\\\\\\\\\\\pol
=040  \\$aIBL$bpol
=100  1\$aJakób, Lech Marek$d(1953-2021)$4aut$1http://viaf.org/viaf/63154859
=245  10$aMądre głupoty. /$cLech Marek Jakób ; Il. aut.
=264  \1$aKoszalin : $bKoszalińskie Towarzystwo Społeczno-Kulturalne,$c1988
=300  \\$a90 s.
=380  \\$iMajor genre$aLiterature$leng
=381  \\$iMajor genre$aOther$leng
=590  \\$aksiążka twórcy (podmiotowa)
=650  04$aHasła osobowe (literatura polska)
=650  \7$aPolish literature$2ELB-n
=655  \4$aAforyzmy
=700  1\$aJakób, Lech Marek$eIlustrator$4ill$1http://viaf.org/viaf/63154859
=710  2\$aKoszalińskie Towarzystwo Społeczno-Kulturalne$1http://viaf.org/viaf/127840561
=856  42$uhttp://libri.ucl.cas.cz/Record/pl000042680$yreviewed by: Ulman Anatol, [no title], Pobrzeże, Koszalin 1989, nr 6, s. 17$4N
=995  \\$aPolska Bibliografia Literacka$bPBL 1989-2003: książki i czasopisma

