=LDR  00806nam-a22001814u-4500
=001  pl000000075
=005  20171018
=008  980223s1988----\\\\\\\\\\\\\\\\\\\\\\\
=040  \\$aIBL$bpol
=100  1\$aOdyniec, Antoni Edward$d(1804-1885)$4aut$1http://viaf.org/viaf/52484642
=245  10$aChochlik=Aitvaras. "Jestem sobie chochlik..." /$cAntoni Edward Odyniec ; Dla chóru mieszanego. [Muz.:] Stanisław Moniuszko
=264  \1$aVilnius : $bWileński Państwowy Instytut Pedagogiczny,$c1988
=300  \\$a[3] s., nuty [Instytut Bibliograficzny. Biblioteka Narodowa]
=590  \\$aksiążka twórcy (podmiotowa)
=650  04$aHasła osobowe (literatura polska)
=650  \7$aPolish literature$2ELB-n
=700  1\$aMoniuszko, Stanisław$eMuzyka$4cmp
=995  \\$aPolska Bibliografia Literacka$bPBL 1989-2003: książki i czasopisma

