=LDR  01450nam-a22002654u-4500
=001  pl000000076
=005  20090131
=008  980223s1988----\\\\\\\\\\\\\\\\\\\\pol
=040  \\$aIBL$bpol
=100  1\$aJakób, Lech Marek$d(1953-2021)$4aut$1http://viaf.org/viaf/63154859
=245  10$aZwykłe przygody. /$cLech Marek Jakób ; Oprac. graf. Adam Kurłowicz
=264  \1$aGdańsk : $bWydawnictwo Morskie,$c1988
=300  \\$a44 s.
=380  \\$iMajor genre$aLiterature$leng
=381  \\$iMajor genre$aFiction$leng
=520  2\$aPiszemy książkę! Jak to było z rowerem. Jak to było z imieninami Jacka. Jak to było z fajką taty. Jak to było z pierścionkiem mamy. Jak to było z wycieczką statkiem po morzu. Jak to było z łowieniem ryb. Jak to było z przygodą na plaży. Jak to było z pogrzebem dziadka Cyryla. Jak to było z narodzinami Magdy. Jak to było ze świnką morską. Skończyliśmy książkę.
=590  \\$aksiążka twórcy (podmiotowa)
=650  04$aHasła osobowe (literatura polska)
=650  \7$aPolish literature$2ELB-n
=655  \4$aOpowiadania
=655  \4$aOpowiadania i nowele
=700  1\$aKurłowicz, Adam$eOpracowanie graficzne$4bkd
=710  2\$aWydawnictwo Morskie$1http://viaf.org/viaf/137579596
=856  42$uhttp://libri.ucl.cas.cz/Record/pl000028040$yreviewed by: Tomsia Teresa, [no title], Nowe Książki, Warszawa 1989, nr 8, s. 41$4N
=995  \\$aPolska Bibliografia Literacka$bPBL 1989-2003: książki i czasopisma

