=LDR  00883nam-a22001934u-4500
=001  pl000000078
=005  20090218
=008  980223s1988----\\\\\\\\\\\\\\\\\\\\pol
=040  \\$aIBL$bpol
=100  1\$aZięba, Józef  Wiesław$4aut
=245  10$aZbigniew Jakubik. 1920-1976. W dziesiątą rocznicę śmierci /$cJózef  Wiesław Zięba.
=264  \1$aLublin : $bMuzeum Okręgowe. Oddział im. Józefa Czechowicza,$c1988
=300  \\$a65 s., faks. fot., portr.
=590  \\$aksiążka o twórcy (przedmiotowa)
=600  14$aJakubik, Zbigniew$d(1920-1976)$1http://viaf.org/viaf/50033909
=650  04$aHasła osobowe (literatura polska)
=650  \7$aPolish literature$2ELB-n
=856  42$uhttp://libri.ucl.cas.cz/Record/pl000073969$yreviewed by: [no author], [no title], Bibliotekarz Lubelski, Lublin 1989, nr 120, s. 46$4N
=995  \\$aPolska Bibliografia Literacka$bPBL 1989-2003: książki i czasopisma

