=LDR  00890nam-a22002174u-4500
=001  pl000000079
=005  20090205
=008  980223s1988----\\\\\\\\\\\\\\\\\\\\\\\
=040  \\$aIBL$bpol
=100  1\$aOdyniec, Maria$d(1914-2010)$4aut$1http://viaf.org/viaf/75249338
=245  10$aLeniwa sobota. /$cMaria Odyniec.
=264  \1$aGdańsk : $bWojewódzki Zakład Usług Socjalnych Kuratorium Oświaty i Wychowania,$c1988
=300  \\$a14 s.
=380  \\$iMajor genre$aLiterature$leng
=381  \\$iMajor genre$aLyrical poetry$leng
=590  \\$aksiążka twórcy (podmiotowa)
=650  04$aHasła osobowe (literatura polska)
=650  \7$aPolish literature$2ELB-n
=655  \4$aWiersze
=710  2\$aWojewódzki Zakład Usług Socjalnych (Kuratorium Oświaty i Wychowania ; Gdańsk)$1http://viaf.org/viaf/2939163211495707580008
=995  \\$aPolska Bibliografia Literacka$bPBL 1989-2003: książki i czasopisma

