=LDR  01102nam-a22001814u-4500
=001  pl000000083
=005  20171011
=008  980224s1988----\\\\\\\\\\\\\\\\\\\\pol
=040  \\$aIBL$bpol
=100  1\$aBolecki, Włodzimierz$4aut
=245  10$aJedynie prawda jest ciekawa. Szkice do portretów /$cWłodzimierz Bolecki.
=264  \1$aWarszawa : $bOficyna Wydawnicza "Pokolenie",$c1988
=300  \\$a94 s.
=520  2\$aCz. I: Jedynie prawda jest ciekawa (O J. Mackiewiczu). Szkic do portretu G. Herlinga-Grudzińskiego. Pornografia - wokół jednego zdania T. Konwickiego. Kilka słów o A. Kijowskim. Stracone szanse ("Solidarność i samotność" A. Zagajewskiego). - Cz. II: Wakacje pana Mareczka ("Rozmowy polskie ..." J. M. Rymkiewicza). Antynomie, imponderabilia ("Uciekinier z Utopii" S. Barańczaka). Po-wiedzieć tylko słowo (T. Nyczek o Nowei Fali).
=590  \\$aksiążka w haśle rzeczowym
=650  04$aLiteratura współczesna 1945-1989, ogólne materiały (Literatura współczesna 1945-1989)
=650  04$aOgólne (1945-1989)
=995  \\$aPolska Bibliografia Literacka$bPBL 1989-2003: książki i czasopisma

