=LDR  01125nam-a22002534u-4500
=001  pl000000084
=005  20121129
=008  980224s1988----\\\\\\\\\\\\\\\\\\\\pol
=040  \\$aIBL$bpol
=100  1\$aKlimowicz, Tadeusz$4aut
=245  10$aMotywy twórczości Walerija Briusowa /$cTadeusz Klimowicz.
=264  \1$aWrocław : $bWydawnictwo Uniwersytetu Wrocławskiego,$c1988
=300  \\$a210 s.
=490  0\$a84 ; $vSlavica Wratislaviensia
=490  0\$aActa Universitatis Wratislaviensis; no 933.
=590  \\$aksiążka o twórcy (przedmiotowa)
=600  14$aBryusov, Valery Yakovlevich$d(1873-1924)$1http://viaf.org/viaf/30328057
=650  04$aHasła osobowe (rosyjska)
=650  04$aLiteratury obce, Literatura rosyjska
=650  04$aTematy, motywy, Ogólne (tematy, motywy)
=650  \7$aRussian literature$2ELB-n
=710  2\$aWydawnictwo Uniwersytetu Wrocławskiego$1http://viaf.org/viaf/133925624
=856  42$uhttp://libri.ucl.cas.cz/Record/pl000027707$yreviewed by: Żwira Tadeusz, [no title], Nowe Książki, Warszawa 1989, nr 2, s. 80-81$4N
=995  \\$aPolska Bibliografia Literacka$bPBL 1989-2003: książki i czasopisma

