=LDR  02768nam-a22002534u-4500
=001  pl000000085
=005  20090205
=008  980224s1988----\\\\\\\\\\\\\\\\\\\\pol
=040  \\$aIBL$bpol
=100  1\$aOgrodowczyk, Andrzej$d(1952-2002)$4aut$1http://viaf.org/viaf/226395567
=245  10$aNie wszystko zostało skończone. /$cAndrzej Ogrodowczyk.
=264  \1$aKraków : $bWydawnictwo Literackie,$c1988
=300  \\$a94 s.
=380  \\$iMajor genre$aLiterature$leng
=381  \\$iMajor genre$aLyrical poetry$leng
=520  2\$a[Not. o aut.]. - Poezja. Zza zasłony (T. Żukowskiemu). Poeta i kamera (A. Jurewiczowi). Perspektywa rozpadu. Bajka o papudze. Znaleziony. Zapach śmierci. Cień, Nikt. Opowiadanie akacji. Zmyślenie kota. Ósmy dzień stworzenia. Tak. Próba obcości. Wiersz o papudze. Sposób istnienia strachu. Ostrze wolności. Skóra języka. Dziura. Bez rozwiązania. Konformiści. Nóż. Odwet dla Boga. Podróż. Piękno umierania. Odeszli. Chwila czysta. Pięść. Odejście Boga. Drzwi świata (A. Wajdzie). Wymiar zbrodni. Nie wszystko zostało skończone. Księga metafor. Przenikanie śmierci. Idea zmartwychwstania. Narodziny małego świata. Dziecko zemsty. Perspektywa. Początek. Zniżcie się do krwi. Z biografii mordercy. Na jedną kartę. Prorocy rzeczy. Powietrze. Jak w oku obłok świadek. Odnalezienie wspólnoty. Poeci (S. Sternie-Wachowiakowi). Bez przymiotników . Tych. Logika krzyku (R. Chojnackiemu). W północ I. W północ II. Światło. Światło patrzy w ich oczy. Dopilnuj. Nie poznał słowa. Ja - dla was - pośmiertny. Po odbyciu ognia. Estetyka wiersza. Przestrzeń słowa. Przed salwą. Sen umarłego. Nie wystarczy. Ci. Odwrócony. Ciężar serca. Nie skończymy się w słowach. Nasze skóry. To nic nie znaczy. Trafić w życie w twarz. Szary anioł skóry. Uderzyć w ciszę. W przeźroczystość w ocalenie. Siada na ręce. Nie zamykaj ciała. Zostawcie mnie w spokoju. Samobójcz z dwóch świateł. Gdy zwierzę śmierci. Jego matka. Ręka mojej żony. Smak piekła. A może. Rytuał śmierci.
=590  \\$aksiążka twórcy (podmiotowa)
=650  04$aHasła osobowe (literatura polska)
=650  \7$aPolish literature$2ELB-n
=655  \4$aWiersze
=856  42$uhttp://libri.ucl.cas.cz/Record/pl000032936$yreviewed by: Stępniewski Lech, Wszelka plama wątpliwości, Poezja, Warszawa 1989, nr 10/12, s. 100-101$4N
=856  42$uhttp://libri.ucl.cas.cz/Record/pl000088938$yreviewed by: Kuczkowski Krzysztof, Nowej Fali ciąg dalszy, Nowe Książki, Warszawa 1990, nr 4, s. 55-56$4N
=856  42$uhttp://libri.ucl.cas.cz/Record/pl000104713$yreviewed by: Stala Marian, Poezja i wierszomania, Brulion, Kraków 1990, nr 14/15, s. 153-155$4N
=995  \\$aPolska Bibliografia Literacka$bPBL 1989-2003: książki i czasopisma

