=LDR  00791nam-a22002174u-4500
=001  pl000000086
=005  20090218
=008  980224s1988----\\\\\\\\\\\\\\\\\\\\pol
=040  \\$aIBL$bpol
=100  1\$aJachowicz, Stanisław$d(1796-1857)$4aut$1http://viaf.org/viaf/42732664
=245  10$aChory kotek /$cStanisław Jachowicz ; Il. Maria Uszacka
=250  \\$a12 [właśc. 13]
=264  \1$aWarszawa : $bNasza Księgarnia,$c1988
=300  \\$a[24] s.
=490  0\$aPoczytaj Mi, Mamo
=590  \\$aksiążka twórcy (podmiotowa)
=650  04$aHasła osobowe (literatura polska)
=650  \7$aPolish literature$2ELB-n
=700  1\$aUszacka, Maria$eIlustrator$4ill
=710  2\$a"Nasza Księgarnia"$1http://viaf.org/viaf/147390924
=995  \\$aPolska Bibliografia Literacka$bPBL 1989-2003: książki i czasopisma

