=LDR  01456nam-a22002534u-4500
=001  pl000000087
=005  20090218
=008  980224s1988----\\\\\\\\\\\\\\\\\\\\\\\
=040  \\$aIBL$bpol
=100  1\$aJachowicz, Stanisław$d(1796-1857)$4aut$1http://viaf.org/viaf/42732664
=245  10$aJdeme svetem s bilym kvetem /$cStanisław Jachowicz ; [Wybór:] Halina Piaścik. [Tł.] Eva Jilkova. [Il.] Tomasz Borowski, Elżbieta Gaudasińska
=264  \1$aWarszawa : $bNasza Księgarnia,$c1988
=300  \\$a[32] s.
=520  2\$aRitir Petrik. Ranni budicek. Hodny bratr. Dve hrusky. Rozumny Jirka. Zahave koprivy. Neposlusny Kuba. Drobecky. Neposlusnost se nevyplaci. Nemocny mourek. Zdzislav. Potrestana Manka. Tonik v hrusni. Svestky. Justynka. Kase. Mejte radi zviratka. Zajica kocour. Tadeasek. Nemocna panenka. Tomas a houpaci kun. Vdecny ptacek. Ucenlivy kloucek. Kto je lepsi. Posetila Karolina. Ve skole. Tatova rada.
=590  \\$aksiążka twórcy (podmiotowa)
=650  04$aHasła osobowe (literatura polska)
=650  04$aPrzekłady z literatury polskiej na języki obce, czeski
=650  \7$aPolish literature$2ELB-n
=700  1\$aBorowski, Tomasz$eIlustrator$4ill
=700  1\$aGaudasińska, Elżbieta$eIlustrator$4ill
=700  1\$aJilkova, Eva$eTłumacz$4trl
=700  1\$aPiaścik, Halina$eAutor wyboru$4com
=710  2\$a"Nasza Księgarnia"$1http://viaf.org/viaf/147390924
=995  \\$aPolska Bibliografia Literacka$bPBL 1989-2003: książki i czasopisma

