=LDR  01627nam-a22002534u-4500
=001  pl000000088
=005  20090108
=008  980224s1989----\\\\\\\\\\\\\\\\\\\\\\\
=040  \\$aIBL$bpol
=100  1\$aJałoszyński, Jan$d(1930- )$4aut$1http://viaf.org/viaf/166636230
=245  10$aFestiwal dla wuja. /$cJan Jałoszyński.
=264  \1$aOlsztyn : $bPojezierze,$c1989
=300  \\$a162 s.
=380  \\$iMajor genre$aLiterature$leng
=381  \\$iMajor genre$aFiction$leng
=520  2\$aPuszcza i starowiery. Falco peregrinus. W czymś takim jak w dorzeczu Saski. Na półwyspie czterech wiatrów. Po co jemu ta kula? Osobliwy toast. Gdyby dzwonił Powara. Niepewne idylle wysp. O swawoli lapsusów. Z warsztatu filologa. Pod osłoną nocy czyli ciężkie czasy. Stary kiniarz. Festiwal dla wuja. Jubileusz wiarygodnej respondentki. Dziwna sjesta pod kumulusem. Odmieniec w klubie. Jarmark dominifrański. Żylaki podwodne. Nagły opatrunek. Zaloty w inkubatorze. Irytacja Zaporczyńskiego. Stonowane aluzyjności. Anatolijska instrukcja. Dur jelenia Chrobrego. Spektakl naszej trupy.
=590  \\$aksiążka twórcy (podmiotowa)
=650  04$aHasła osobowe (literatura polska)
=650  \7$aPolish literature$2ELB-n
=655  \4$aOpowiadania
=655  \4$aOpowiadania i nowele
=856  42$uhttp://libri.ucl.cas.cz/Record/pl000000090$yreviewed by: Dzitko Bohdan, [no title], Warmia i Mazury, Olsztyn 1988, nr 19, s. 12$4N
=856  42$uhttp://libri.ucl.cas.cz/Record/pl000000091$yreviewed by: Marx Jan, [no title], Kultura, Warszawa 1988, nr 40, s. 15$4N
=995  \\$aPolska Bibliografia Literacka$bPBL 1989-2003: książki i czasopisma

