=LDR  01849nam-a22002774u-4500
=001  pl000000089
=005  20090202
=008  980224s1988----\\\\\\\\\\\\\\\\\\\\pol
=040  \\$aIBL$bpol
=100  1\$aBrodsky, Joseph$d(1940-1996)$4aut$1http://viaf.org/viaf/31993687
=245  10$a82 wiersze i poematy /$cJosif Brodski ; Wybór i opracowanie: Stanisław Barańczak. Przedmowa: Czesław Miłosz
=264  \1$aParyż : $bZeszyty Literackie,$c1988
=300  \\$a233 s., [7] s.
=520  2\$a[Tłumacze:] Stanisław Barańczak, Andrzej Drawicz, Józef Łobodowski, Andrzej Mandalian, Eugenia Siemaszkiewicz, Witold Wirpsza, Wiktor Woroszylski.
=590  \\$aksiążka twórcy (podmiotowa)
=650  04$aHasła osobowe (rosyjska)
=650  04$aLiteratury obce, Literatura rosyjska
=650  \7$aRussian literature$2ELB-n
=700  1\$aBarańczak, Stanisław$d(1946-2014)$eAutor wyboru$4com$1http://viaf.org/viaf/34467174
=700  1\$aMiłosz, Czesław$d(1911-2004)$eAutor przedmowy$4wpr$1http://viaf.org/viaf/110389400
=856  42$uhttp://libri.ucl.cas.cz/Record/pl000000099$yreviewed by: Łubieński Tomasz, [no title], Res Publica, Warszawa 1988, nr 9, s. 121-122$4N
=856  42$uhttp://libri.ucl.cas.cz/Record/pl000000121$yreviewed by: [no author], [no title], Pogląd, Warszawa-Berlin 1988, nr 10, s. 63$4N
=856  42$uhttp://libri.ucl.cas.cz/Record/pl000000647$yreviewed by: Waliszewska Marta, [no title], Pogląd, Warszawa-Berlin 1988, nr 10, s. 63$4N
=856  42$uhttp://libri.ucl.cas.cz/Record/pl000001335$yreviewed by: Waliszewska Marta, [no title], Pogląd, Warszawa-Berlin 1988, nr 10, s. 63$4N
=856  42$uhttp://libri.ucl.cas.cz/Record/pl000100381$yreviewed by: Majeran Tomasz Jakub, "Zachować własną piękność", Odra, Wrocław 1990, nr 5, s. 98-99$4N
=995  \\$aPolska Bibliografia Literacka$bPBL 1989-2003: książki i czasopisma

