=LDR  03694nam-a22002894u-4500
=001  pl000000092
=005  20100204
=008  980224s1989----\\\\\\\\\\\\\\\\\\\\pol
=040  \\$aIBL$bpol
=100  1\$aBurek, Tomasz$d(1938-2017)$4aut$1http://viaf.org/viaf/76355737
=245  10$aŻadnych marzeń /$cTomasz Burek.
=264  \1$aLondyn : $bPolonia Book Fundation,$c1989
=300  \\$a242 s.
=490  0\$a92 ; $vWokół  Literatury
=520  2\$aPamięci A. Kijowskiego [ded.]. - I. Co się dzieje z krytyką?: Rozmyte tradycje. - II. W stronę historii: Jaka historia literatury jest nam dzisiaj potrzebna? Historia sztuki polskiej: kłopoty z modernizmem. Zapomniana literatura polskiego Października. III. Kultura za fasadą zamku Królewskiego: Pamiątki marcowe [nt. wydarzeń w 1968]. Refleksje po XX Zjeździe (Literatów). Koniec świata pozorów? [referat wygłoszony na posiedzeniu Zarządu Oddziału Warszawskiego ZLP 9 IX 1980]. IV. Uczta literacka: Dziennik nie straconych złudzeń [W. Kubacki: Dziennik 1944-1958; Dziennik 1959-1965]. Teoria literatury B. Czeszki ["Marginałki. Felietony o książkach"]. Brzozowski i profesor Jakubowski. Irzykowski w okruchach ["Myśli". Oprac. L.B. Grzeniewski. Warszawa 1974]. Melancholikom dla rozrywki [M. Raceva: Nowa fala i nowa powieść. Formy narracji. Kraków 1974]. Kompleks Ezopa [A.W. Pawluczuk: Rozbiory. Eseje o literaturze. Warszawa, Kraków 1983]. - V. Powieść utajona [o zaniku powieści tradycyjnej, powieści "utajonej" w innych gatunkach; szerzej o "Przygodach człowieka myślącego" M. Dąbrowskiej]. Nieczyste formy Różewicza. Jak czytać " Dziesięć lat w kinie" [W. Woroszylskiego]. Dziennik bez blasku [J. Zawieyski: W alei bezpożytecznych rozmyślań]. o "Alfabecie wspomnień" [A. Słonimskiego] i szansach autobiografii. Zanim dzieła zebrane ukażą sią w Warszawie... czyli S. Kisielewskiego przymiarka do Historii ["Moje dzwony trzydziestolecia"]. Szkoda tego pomysłu [K. Brandys: Nierzeczywistość]. Tak długa nieobecność (Glosa o "Miazdze") [J. Andrzejewskiego]. Marszruty i manowce świadków epoki [W. Woroszylski: Powrót do kraju; T. Drewnowski: Tyle hałasu - o nic? Wspomnienia]. VI. Niez(n)iszczalne marzenie: Po balu maturalnym - "Poemat dla dorosłych" [A. Ważyka]. Hebert - linia wierności.
=590  \\$aksiążka w haśle rzeczowym
=610  24$aZwiązki, kluby, koła, stowarzyszenia twórcze polskie, Związek Literatów Polskich (zawieszony 1981)
=650  04$aLiteratura współczesna 1945-1989, ogólne materiały (Literatura współczesna 1945-1989)
=650  04$aOgólne (1945-1989)
=651  \4$aWarszawa
=856  42$uhttp://libri.ucl.cas.cz/Record/pl000037579$yreviewed by: Poprawa Adam, [no title], Res Publica, Warszawa 1989, nr 3, s. 155$4N
=856  42$uhttp://libri.ucl.cas.cz/Record/pl000092418$yreviewed by: Bugajski Leszek, Tomasz Burek marzy o arcyksiążce, Twórczość, Warszawa 1990, nr 2, s. 108-112$4N
=856  42$uhttp://libri.ucl.cas.cz/Record/pl000098550$yreviewed by: Kazimierczyk Barbara, Krytycki róg obfitości? (2), Kierunki, Warszawa 1990, nr 7, s. 12$4N
=856  42$uhttp://libri.ucl.cas.cz/Record/pl000100581$yreviewed by: Łukasiewicz Jacek, Tradycje domowe (Trzy książki krytyczne), Odra, Wrocław 1990, nr 6, s. 50-55$4N
=856  42$uhttp://libri.ucl.cas.cz/Record/pl000112685$yreviewed by: Fink Adam, Nieco marzeń, Pogląd, Warszawa-Berlin 1990, nr 1/2, s. 70, 72$4N
=856  42$uhttp://libri.ucl.cas.cz/Record/pl000205627$yreviewed by: Kazimierczyk Barbara, Czytanie Burka, albo "Żadnych marzeń"(?), Słowo Powszechne, Warszawa 1990, nr 197/198, s. 6$4N
=995  \\$aPolska Bibliografia Literacka$bPBL 1989-2003: książki i czasopisma

