=LDR  00984nam-a22002294u-4500
=001  pl000000093
=005  19980224
=008  980224s1988----\\\\\\\\\\\\\\\\\\\\pol
=040  \\$aIBL$bpol
=100  1\$aJanaszek-Ivaničková, Halina$d(1931-2016)$4aut$1http://viaf.org/viaf/64033048
=245  10$aW krainie Czecha i Słowaka. /$cHalina Janaszek-Ivanickova.
=264  \1$aWarszawa : $bKrajowa Agencja Wydawnicza,$c1988
=300  \\$a106 s., fot., portr.
=380  \\$iMajor genre$aLiterature$leng
=381  \\$iMajor genre$aOther$leng
=590  \\$aksiążka twórcy (podmiotowa)
=650  04$aHasła osobowe (literatura polska)
=650  \7$aPolish literature$2ELB-n
=655  \4$aSzkice
=710  2\$aKrajowa Agencja Wydawnicza$1http://viaf.org/viaf/113151776812418012159
=856  42$uhttp://libri.ucl.cas.cz/Record/pl000076308$yreviewed by: [no author], [no title], Świat Książki, Warszawa 1989, nr 13, s. 15$4N
=995  \\$aPolska Bibliografia Literacka$bPBL 1989-2003: książki i czasopisma

