=LDR  01489nam-a22002774u-4500
=001  pl000000094
=005  20090205
=008  980224s1988----\\\\\\\\\\\\\\\\\\\\pol
=040  \\$aIBL$bpol
=100  1\$aOkoń, Longin Jan$d(1927-2020)$4aut$1http://viaf.org/viaf/74732861
=245  10$aMiłość silniejsza niż śmierć. /$cLongin Jan Okoń.
=264  \1$aLublin : $bKrajowa Agencja Wydawnicza,$c1988
=300  \\$a174 s.
=380  \\$iMajor genre$aLiterature$leng
=381  \\$iMajor genre$aFiction$leng
=520  2\$aBohaterscy rybacy. W obronie uprowadzonych. Zdrajca. Na ulicach Włodawy. Tragiczna miłość. Pod Żyrzynem. Lwy. Na zwycięskim szlaku. - [Not. i fot. na okładce].
=590  \\$aksiążka twórcy (podmiotowa)
=650  04$aHasła osobowe (literatura polska)
=650  \7$aPolish literature$2ELB-n
=655  \4$aOpowiadania
=655  \4$aOpowiadania i nowele
=710  2\$aKrajowa Agencja Wydawnicza$1http://viaf.org/viaf/113151776812418012159
=856  42$uhttp://libri.ucl.cas.cz/Record/pl000000103$yreviewed by: Maassen Mariola, [no title], Słowo Powszechne, Warszawa 1988, nr 230, s. 7$4N
=856  42$uhttp://libri.ucl.cas.cz/Record/pl000036442$yreviewed by: [no author], [no title], Nowe Książki, Warszawa 1989, nr 8, s. 45-46$4N
=856  42$uhttp://libri.ucl.cas.cz/Record/pl000046711$yreviewed by: Kornacki Ryszard, [no title], Słowo Podlasia, Biała Podlaska 1989, nr 16, s. 9$4N
=995  \\$aPolska Bibliografia Literacka$bPBL 1989-2003: książki i czasopisma

