=LDR  00902nam-a22002174u-4500
=001  pl000000095
=005  20090131
=008  980224s1988----\\\\\\\\\\\\\\\\\\\\pol
=040  \\$aIBL$bpol
=100  1\$aJanczarski, Czesław$d(1911-1971)$4aut$1http://viaf.org/viaf/84995335
=245  10$aBajki Misia Uszatka /$cCzesław Janczarski ; Il. Zbigniew Rychlicki
=250  \\$a3
=264  \1$aWarszawa : $bNasza Księgarnia,$c1988
=300  \\$a104 s.
=590  \\$aksiążka twórcy (podmiotowa)
=650  04$aHasła osobowe (literatura polska)
=650  \7$aPolish literature$2ELB-n
=700  1\$aRychlicki, Zbigniew$eIlustrator$4ill
=710  2\$a"Nasza Księgarnia"$1http://viaf.org/viaf/147390924
=856  42$uhttp://libri.ucl.cas.cz/Record/pl000075420$yreviewed by: [no author], [no title], Świat Książki, Warszawa 1989, nr 4, s. 9$4N
=995  \\$aPolska Bibliografia Literacka$bPBL 1989-2003: książki i czasopisma

