=LDR  00833nam-a22002174u-4500
=001  pl000000097
=005  20090131
=008  980224s1988----\\\\\\\\\\\\\\\\\\\\pol
=040  \\$aIBL$bpol
=100  1\$aJanczarski, Czesław$d(1911-1971)$4aut$1http://viaf.org/viaf/84995335
=245  10$aCo się wkoło zieleni. Abecadło roślinne. /$cCzesław Janczarski.
=264  \1$aPoznań : $bKrajowa Agencja Wydawnicza,$c1988
=300  \\$a[32] s.
=380  \\$iMajor genre$aLiterature$leng
=381  \\$iMajor genre$aLyrical poetry$leng
=590  \\$aksiążka twórcy (podmiotowa)
=650  04$aHasła osobowe (literatura polska)
=650  \7$aPolish literature$2ELB-n
=655  \4$aWiersze
=710  2\$aKrajowa Agencja Wydawnicza$1http://viaf.org/viaf/113151776812418012159
=995  \\$aPolska Bibliografia Literacka$bPBL 1989-2003: książki i czasopisma

