=LDR  00675nam-a22001934u-4500
=001  pl000000098
=005  20120823
=008  980224s1988----\\\\\\\\\\\\\\\\\\\\pol
=040  \\$aIBL$bpol
=100  1\$aOkoń, Longin Jan$d(1927-2020)$4aut$1http://viaf.org/viaf/74732861
=245  10$aPłonąca preria /$cLongin Jan Okoń.
=250  \\$a2
=264  \1$aLublin : $bWydawnictwo Lubelskie,$c1988
=300  \\$a277 s.
=590  \\$aksiążka twórcy (podmiotowa)
=650  04$aHasła osobowe (literatura polska)
=650  \7$aPolish literature$2ELB-n
=710  2\$aWydawnictwo Lubelskie$1http://viaf.org/viaf/268580671
=995  \\$aPolska Bibliografia Literacka$bPBL 1989-2003: książki i czasopisma

