=LDR  01326nam-a22001934u-4500
=001  pl000000100
=005  20090205
=008  980224s1988----\\\\\\\\\\\\\\\\\\\\pol
=040  \\$aIBL$bpol
=100  1\$aOkoń, Zbigniew Waldemar$d(1945- )$4aut$1http://viaf.org/viaf/235387892
=245  10$aPrzybliżanie ciemności /$cZbigniew Waldemar Okoń ; na zlecenie Stowarzyszenia Miłośników Ziemi Chełmskiej.
=264  \1$aLublin : $bWydawnictwo Lubelskie,$c1988
=300  \\$a55 s.
=520  2\$aWyznanie. Przebudzenie. Ciemność. Coraz bliżej. Ktoś. Śmierć. Wsłuchuję się w ciebie... Patrzysz mi w oczy... Mojej Halince. Ojcowski tren (Pamięci Ojca - E. Pióry). Nad grobem ojca. Chełm. W sadzie. Z córką na łące. Wieczorem na działce. Szukam ciebie... Nad jeziorem Białym. Cisza. Pamięć. Nie wyrzekam się siebie... Wypowiedziałem już siebie... Ciszo życia... Wigillia. Kolęda. Rozmowa z poetą. Kiedy poeta umiera... Nie wrócę do ciebie... (W. Zubkowi poświęcam). Człowiek I. Człowiek II. Przesłanie poety. W tłumie. Ja. Żyję 41 lat.
=590  \\$aksiążka twórcy (podmiotowa)
=650  04$aHasła osobowe (literatura polska)
=650  \7$aPolish literature$2ELB-n
=710  2\$aWydawnictwo Lubelskie$1http://viaf.org/viaf/268580671
=995  \\$aPolska Bibliografia Literacka$bPBL 1989-2003: książki i czasopisma

