=LDR  00769nam-a22001934u-4500
=001  pl000000106
=005  20090131
=008  980224s1988----\\\\\\\\\\\\\\\\\\\\pol
=040  \\$aIBL$bpol
=100  1\$aJanczarski, Czesław$d(1911-1971)$4aut$1http://viaf.org/viaf/84995335
=245  10$aJak Wojtek został strażakiem /$cCzesław Janczarski ; Il. Magdalena Prugar-Kazubek
=264  \1$aS.l. : $bs.n.,$c1988
=300  \\$a8 s. [Wkł. do <i>Przyjaciółki</i> 1988 nr 17]
=490  0\$a106 ; $vPrzyjaciółka - Dzieciom
=590  \\$aksiążka twórcy (podmiotowa)
=650  04$aHasła osobowe (literatura polska)
=650  \7$aPolish literature$2ELB-n
=700  1\$aPrugar-Kazubek, Magdalena$eIlustrator$4ill
=995  \\$aPolska Bibliografia Literacka$bPBL 1989-2003: książki i czasopisma

