=LDR  00896nam-a22002174u-4500
=001  pl000000108
=005  20090218
=008  980224s1989----\\\\\\\\\\\\\\\\\\\\\\\
=040  \\$aIBL$bpol
=100  1\$aJanczarski, Czesław$d(1911-1971)$4aut$1http://viaf.org/viaf/84995335
=245  10$aKaette kita Mishiya /$cCzesław Janczarski ; [Tł.] Sakakura Chizuru. [Il.] Zbigniew Rychlicki Zbigniew
=264  \1$aTokyo : $bHorupu Shuppan,$c1989
=300  \\$a31 s., portr.
=590  \\$aksiążka twórcy (podmiotowa)
=650  04$aHasła osobowe (literatura polska)
=650  04$aPrzekłady z literatury polskiej na języki obce, japoński
=650  \7$aPolish literature$2ELB-n
=700  1\$aChizuru, Sakakura$eTłumacz$4trl
=700  1\$aRychlicki, Zbigniew$eIlustrator$4ill
=710  2\$aHorupu Shuppan$1http://viaf.org/viaf/146633560
=995  \\$aPolska Bibliografia Literacka$bPBL 1989-2003: książki i czasopisma

