=LDR  01644nam-a22002174u-4500
=001  pl000000111
=005  20111027
=008  980224s1988----\\\\\\\\\\\\\\\\\\\\pol
=040  \\$aIBL$bpol
=100  1\$aJanczarski, Czesław$d(1911-1971)$4aut$1http://viaf.org/viaf/84995335
=245  10$aWiersze dla wnuków /$cCzesław Janczarski ; Il. Wanda Orlińska
=264  \1$aWarszawa : $bKrajowa Agencja Wydawnicza,$c1988
=300  \\$a82 s.
=520  2\$aDo przedszkola. Kukuryku. Psocik i Naprawek. Siedzi kotek w oknie. Wiewióreczka. Piosenka śnieżynek. Sanna. Słonko.Tatuś wraca z pracy. Miś. Śpiochy. Chytrusek. Zimowa bajka. Kto to taki? Pożegnanie zimy. Pisklęta. Majowy deszcz. Kic-kic. Zdrów jak ryba. Wesoła chmurka. Słota. Dziki. Wrony i gil. Chór pisanek. Zając z lusterka. Jak borowik ukłoni się Hani. Zbierał skrzat nitki. Rogatki. Nad stodołą. Wkołowiosna uśmiechnięta. Wiatr wiosenny. Sierp. Piosenka do tańca. Na skuterze. Przyleciały bociany. Jeziora Mazurskie. Obudziło się miasto. Wawel. Lotnik. U harcerzy. Wiosna. Lato. Jesień. Zima. Jak zabawa to zabawa. W gospodzie u pana Trzmiela. O Jacku, co nie chcia l pracować.
=590  \\$aksiążka twórcy (podmiotowa)
=650  04$aHasła osobowe (literatura polska)
=650  \7$aPolish literature$2ELB-n
=700  1\$aOrlińska, Wanda$eIlustrator$4ill
=710  2\$aKrajowa Agencja Wydawnicza$1http://viaf.org/viaf/113151776812418012159
=856  42$uhttp://libri.ucl.cas.cz/Record/pl000072493$yreviewed by: Wachowiak Regina, [no title], Sztuka dla Dziecka, Poznań 1989, nr 1, s. 50-51$4N
=995  \\$aPolska Bibliografia Literacka$bPBL 1989-2003: książki i czasopisma

