=LDR  00606nam-a22001814u-4500
=001  pl000000113
=005  19980224
=008  980224s1988----\\\\\\\\\\\\\\\\\\\\pol
=040  \\$aIBL$bpol
=100  1\$aJanicki, Jerzy$d(1928-2007)$4aut$1http://viaf.org/viaf/69124891
=245  10$aPolskie drogi /$cJerzy Janicki.
=250  \\$a4
=264  \1$aWarszawa : $bWydawnictwa Radia i Telewizji,$c1988
=300  \\$a276 s.
=590  \\$aksiążka twórcy (podmiotowa)
=650  04$aHasła osobowe (literatura polska)
=650  \7$aPolish literature$2ELB-n
=995  \\$aPolska Bibliografia Literacka$bPBL 1989-2003: książki i czasopisma

