=LDR  00802nam-a22002054u-4500
=001  pl000000115
=005  20090218
=008  980224s1988----\\\\\\\\\\\\\\\\\\\\\\\
=040  \\$aIBL$bpol
=100  1\$aJanicki, Jerzy$d(1928-2007)$4aut$1http://viaf.org/viaf/69124891
=245  10$aSmrt obsodba konja Faraona. Radijska igra /$cJerzy Janicki ; [Tł.] Jolanta Groo-Kozak
=264  \1$aLjubljana : $bRadiotelevizija,$c1988
=300  \\$a27 s.
=590  \\$aksiążka twórcy (podmiotowa)
=650  04$aHasła osobowe (literatura polska)
=650  04$aPrzekłady z literatury polskiej na języki obce, słoweński
=650  \7$aPolish literature$2ELB-n
=650  \7$aSlovenian literature$2ELB-n
=700  1\$aGroo-Kozak, Jolanta$eTłumacz$4trl
=995  \\$aPolska Bibliografia Literacka$bPBL 1989-2003: książki i czasopisma

