=LDR  01162nam-a22002054u-4500
=001  pl000000116
=005  19980224
=008  980224s1988----\\\\\\\\\\\\\\\\\\\\pol
=040  \\$aIBL$bpol
=100  1\$aOkoń, Zbigniew Waldemar$d(1945- )$4aut$1http://viaf.org/viaf/235387892
=245  10$aZgubiona treść /$cZbigniew Waldemar Okoń.
=264  \1$aPoznań : $bRobotnicze Stowarzyszenie Twórców Kultury,$c1988
=300  \\$a16 s.
=520  2\$aZagubiona treść. Nie ma... Bronisław Wiślak. Kameleon. Na psiej wystawie. Egzamin. Komputer prawdy. Zwyczajnie. Roma. Teoria. Nie dać się. Polska i Polak. Wycieczka do Paryża. Do starego rewolucjonisty. Co za konie (W. Wysockiemu). Najwyższy wymiar kary.
=590  \\$aksiążka twórcy (podmiotowa)
=650  04$aHasła osobowe (literatura polska)
=650  \7$aPolish literature$2ELB-n
=710  2\$aRobotnicze Stowarzyszenie Twórców Kultury (Sanok)$1http://viaf.org/viaf/1066162117996502320003
=856  42$uhttp://libri.ucl.cas.cz/Record/pl000054740$yreviewed by: Winkiel Romulada, [no title], Bez przysłony, Poznań 1989, nr 5/6, s. 4$4N
=995  \\$aPolska Bibliografia Literacka$bPBL 1989-2003: książki i czasopisma

