=LDR  01190nam-a22001934u-4500
=001  pl000000117
=005  20091204
=008  980224s1988----\\\\\\\\\\\\\\\\\\\\pol
=040  \\$aIBL$bpol
=100  1\$aChojnacki, Antoni$4aut
=245  10$aMarksowska teoria praktyki literackiej /$cAntoni Chojnacki.
=264  \1$aWarszawa : $bPaństwowe Wydawnictwo Naukowe,$c1988
=300  \\$a356 s.
=520  2\$aWprowadzenie. - I. Produkcja literatury [m.in. o polemice Karola Marksa z Karolem Gruenem nt. J.W. Goethego]. II. Produkt literacki [m.in. o charakterystyce powieści Eugeniusza Sue "Tajemnice Paryża" dokonanej przez K. Marksa]. III. Konsumpcja literatury. IV. Proces historycznoliteracki. V. Historia praktyki literackiej.
=590  \\$aksiążka w haśle rzeczowym
=650  04$aTeoria procesu historycznoliterackiego
=856  42$uhttp://libri.ucl.cas.cz/Record/pl000000147$yreviewed by: Ossowski Jerzy S., [no title], Zdanie, Kraków 1988, nr 12, s. 58-59$4N
=856  42$uhttp://libri.ucl.cas.cz/Record/pl000072522$yreviewed by: Żółkiewski Stefan, [no title], Przegląd Humanistyczny, Warszawa 1989, nr 5, s. 163-167$4N
=995  \\$aPolska Bibliografia Literacka$bPBL 1989-2003: książki i czasopisma

