=LDR  00962nam-a22001934u-4500
=001  pl000000118
=005  20090218
=008  980224s1989----\\\\\\\\\\\\\\\\\\\\pol
=040  \\$aIBL$bpol
=100  1\$aMularczyk, Andrzej$d(1930- )$4aut$1http://viaf.org/viaf/85882609
=245  10$aDom. Opowieść filmowa /$cAndrzej Mularczyk, Jerzy Janicki.
=264  \1$aWarszawa : $bKrajowa Agencja Wydawnicza,$c1989
=520  2\$aCz. 9: Nie przesadza się starych drzew, 63 s.<BR>Cz. 10: Jedenaste - nie wychylaj się..., 63 s.<BR>Cz. 11: Kto dziś tak umie kochać, 63 s.<BR>Cz. 12: Powtórna nauka chodzenia, 63 s.
=590  \\$aksiążka twórcy (podmiotowa)
=650  04$aHasła osobowe (literatura polska)
=650  \7$aPolish literature$2ELB-n
=700  1\$aJanicki, Jerzy$d(1928-2007)$4aut$1http://viaf.org/viaf/69124891
=710  2\$aKrajowa Agencja Wydawnicza$1http://viaf.org/viaf/113151776812418012159
=995  \\$aPolska Bibliografia Literacka$bPBL 1989-2003: książki i czasopisma

