=LDR  00927nam-a22001934u-4500
=001  pl000000119
=005  19980224
=008  980224s1988----\\\\\\\\\\\\\\\\\\\\pol
=040  \\$aIBL$bpol
=100  1\$aOlczak, Janusz$d(1941-1991)$4aut$1http://viaf.org/viaf/16085219
=245  10$aBaśnie lubuskie /$cJanusz Olczak.
=264  \1$aZielona Góra : $bWydawnictwo Lubuskiego Towarzystwa Kultury,$c1988
=300  \\$a31, [5] s.
=520  2\$aO kusym diable i skwierzyńskich babach. Wielkie czyny szewczyka z Międzyrzecza. O dobrych wróżkach i cudownym chłopcu z Bledzewa.
=590  \\$aksiążka twórcy (podmiotowa)
=650  04$aHasła osobowe (literatura polska)
=650  \7$aPolish literature$2ELB-n
=856  42$uhttp://libri.ucl.cas.cz/Record/pl000000231$yreviewed by: Kowalska-Masłowska Małgorzata, [no title], Nadodrze, Zielona Góra 1988, nr 19, s. 8$4N
=995  \\$aPolska Bibliografia Literacka$bPBL 1989-2003: książki i czasopisma

