=LDR  00997nam-a22002174u-4500
=001  pl000000122
=005  20090202
=008  980224s1988----\\\\\\\\\\\\\\\\\\\\pol
=040  \\$aIBL$bpol
=100  1\$aBrodsky, Joseph$d(1940-1996)$4aut$1http://viaf.org/viaf/31993687
=245  10$aWiersze i poematy. Z tomów: "Postój na pustyni", "Koniec pięknej epoki", "Części mowy" /$cJosif Brodski ; Wybrał, przełożył i wstępem opatrzył Stanisław Barańczak
=250  \\$a[Wyd. 2]
=264  \1$aWarszawa : $bNiezależna Oficyna Wydawnicza,$c1988
=300  \\$a128 s.
=590  \\$aksiążka twórcy (podmiotowa)
=650  04$aHasła osobowe (rosyjska)
=650  04$aLiteratury obce, Literatura rosyjska
=650  \7$aRussian literature$2ELB-n
=700  1\$aBarańczak, Stanisław$d(1946-2014)$eTłumacz$4trl$1http://viaf.org/viaf/34467174
=710  2\$aNiezależna Oficyna Wydawnicza SOŻ$1http://viaf.org/viaf/38150516749803442169
=995  \\$aPolska Bibliografia Literacka$bPBL 1989-2003: książki i czasopisma

