=LDR  03322nam-a22002894u-4500
=001  pl000000142
=005  20171012
=008  980225s1988----\\\\\\\\\\\\\\\\\\\\pol
=040  \\$aIBL$bpol
=100  1\$aJanko, Anna$d(1957- )$4aut$1http://viaf.org/viaf/45185859
=245  10$aKoronki na rany. /$cAnna Janko.
=264  \1$aGdańsk : $bWydawnictwo Morskie,$c1988
=300  \\$a95 s., portr.
=380  \\$iMajor genre$aLiterature$leng
=381  \\$iMajor genre$aLyrical poetry$leng
=520  2\$aDialog nie nawiązany: Polonez. Odcięta rzeka. Oni. Krótki dramat. Będzie wojna. Dialog nie nawiązany. Martwa natura z koniem. On człowiek. Tandeta. Sen o powrocie do domu. Dom ma już pięćdziesiąt... (Annie i Stanisławowi Barańczakowi). Pożegnanie w Galerii Fricka. Wojenna piosenka 83. Różnica pokoleń. Razem (Pawłowi Huelle). Żyć w Kopenhadze (Dla Vagna Steena). Dwu-wiersz o powrocie. Serce nie śpiewa. Oni nam to zrobią... Fragment. Plac szczęściarzy. Przedmowa. Horror dla dzieci. Dom zburzony a w piecu się pali z ziemi śmieje się portret chłopczyka doszczętnie nie zniszczony dom ma pomieszane zmysły i kąsa. List do syna. Komedia 1982. Ciągle chodzi o życie (I). Ciągle chodzi o życie (II). Pokolenie. Terrarium polskie. Filozofia historii. - Koronki na rany: Bunt na luzie. Stare dziewczę. Dziecko. Bark. Róg obfitości (I). Róg obfitości (II). Szczypta Boża. Wtajemniczenie. Pragnienie (I). Pragnienie (II). Rozstanie. Tęsknota. Zrośniete nogi syreny. "Wciąż młodsi wśród tęskonoty wiecznej...". Drzwi otwarła mi matka... Po pieśni. Termin ważności. Śmierć naturalna. Z dystansu. Gdybym tego dnia... Sny dziedziczne (I). Sny dziedziczne (II). Skansen. W domu męża. Kołysanka dla starej żony. Mamusia. Intermedium. Staruszkowie. - Dziedziniec wewnętrzny: Poeto!... Poeta jest mężczyzną. Co ma nóż do łyżki. Sonet. Ta sama mania... Ty obcy. Chromy na obie nogi śmieje się. Spotkanie przy okrągłym stole. Łzawa niedziela w F. Pożegnanie. Z cyklu "Oczy" (I)> Z cyklu "Oczy" (III). Twarz. Kuszenie księdza o odrażającej twarzy. Twoje ciało nie jest całe. Do swiętego kusiciela. Zwierzę miłosne. Szczęśliwy to kamień który leży na mnie "jest dobrze" mówi w moim imieniu.
=590  \\$aksiążka twórcy (podmiotowa)
=650  04$aHasła osobowe (literatura polska)
=650  \7$aPolish literature$2ELB-n
=655  \4$aWiersze
=710  2\$aWydawnictwo Morskie$1http://viaf.org/viaf/137579596
=856  42$uhttp://libri.ucl.cas.cz/Record/pl000093631$yreviewed by: Jurkowski Stefan, W osaczeniu, Twórczość, Warszawa 1990, nr 8, s. 96-97$4N
=856  42$uhttp://libri.ucl.cas.cz/Record/pl000103871$yreviewed by: Koryl Janusz, Pocałunek z ziemią w ustach, Odra, Wrocław 1990, nr 12, s. 97-98$4N
=856  42$uhttp://libri.ucl.cas.cz/Record/pl000110644$yreviewed by: Chorabik Marek, Życie wśród lęku, Autograf, Gdańsk 1990, nr 7/8, s. 108-109$4N
=856  42$uhttp://libri.ucl.cas.cz/Record/pl000127411$yreviewed by: Krawczyk Stanisław, Koronki, Katolik, Katowice 1991, nr 8, s. 6$4N
=856  42$uhttp://libri.ucl.cas.cz/Record/pl000133388$yreviewed by: Śmieja Florian, Nowe wiersze przyjaciół, Związkowiec = The Alliancer, Toronto 1991, nr 48, s. 3$4N
=995  \\$aPolska Bibliografia Literacka$bPBL 1989-2003: książki i czasopisma

