=LDR  02558nam-a22002534u-4500
=001  pl000000143
=005  20111027
=008  980225s1989----\\\\\\\\\\\\\\\\\\\\pol
=040  \\$aIBL$bpol
=100  1\$aDanilewicz-Zielińska, Maria$4aut
=245  10$aLiteratura wolnego słowa 1939-1986 /$cMaria Danilewicz-Zielińska.
=264  \1$aWarszawa : $bWydawnictwo "Kos",$c1989
=300  \\$a88 s.
=490  0\$aZeszyty Edukacji Narodowej; Historia - Literatura
=520  2\$aCz. 1: Literatura wolnego słowa w okresie II wojny światowej (1939-1945): Francja. Wielka Brytania. Rola publicystyki w okresie wojennym. Proza fabularna w okresie wojny. Wspomnienia i wspominki. Tematyka okupacyjna. Literatura zsyłkowa. Spontaniczna twórczość poetycka. Dalsze ciągi twórczości przedwojennej. Diaspora. Wnioski. Zmiany w składzie środowisk pisarskich po czerwcu 1945 r. Podsumowanie obrazu okresu wojennego. - Cz. II: Literatura emigracyjna w latach 1945-1978: Sytuacja pisarzy w jesieni 1954 r. Londyńskie środowisko pisarskie 1945-1956. Nowy etap. Hegemonia czasopism. Aktywność pisarzy starszych pokoleń. Twórczość radiowa. Rola "Wiadomości". Gombrowicz. Miłosz. Instytut Literacki w Paryżu i "Kultura". Trudny okres (Lata 1950-te). J. Mackiewicz. Gombrowicz po 1951 r. Pisarze - latarnicy. Dzienniki intelektualne. Eseistyka. Eseje filozoficzne. Między esejem a felietonem. Proza fabularna. Sytuacja literatury emigracyjnej w latach 1960-tych. Dwa centra kulturalne emigracji. "Londyńscy młodzi". Poeci starszych generacji. Twórczość dramatyczna. - Cz. III: Na nowym etapie (1978-1985): Nowy układ stosunków. Charakterystyka bieżącej produkcji wydawniczej na Emigracji. Wolna poezja polska. Wydania zbiorowe. Proza fabularna. Nowe gatunki literackie. Pamiętniki i gawędy. Literatura zsyłkowa. "Trendy" wydawnicze. Nowe pisma. Próba podsumowania. - Bibliografia.
=590  \\$aksiążka w haśle rzeczowym
=610  24$aWydawnictwa polskie po 1945 roku, Instytut Literacki w Paryżu
=650  04$aLiteratura współczesna 1945-1989, ogólne materiały (Literatura współczesna 1945-1989)
=650  04$aOgólne (1945-1989)
=650  04$aTematy, motywy, Wojna światowa II, okupacja
=787  \\$aCzasopiśmiennictwo polskie współczesne, Kultura (Paryż, 1947-2000)
=787  \\$aCzasopiśmiennictwo polskie współczesne, Wiadomości (Londyn, 1946-1981)
=856  42$uhttp://libri.ucl.cas.cz/Record/pl000066048$yreviewed by: Lange Andrzej, [no title], 1989$4N
=995  \\$aPolska Bibliografia Literacka$bPBL 1989-2003: książki i czasopisma

