=LDR  01799nam-a22002534u-4500
=001  pl000000146
=005  20111027
=008  980225s1988----\\\\\\\\\\\\\\\\\\\\pol
=040  \\$aIBL$bpol
=100  1\$aJankowska, Jadwiga$d(1965- )$4aut$1http://viaf.org/viaf/60694012
=245  10$aManowce. /$cJadwiga Jankowska.
=264  \1$aŁódź : $bWydawnictwo Łódzkie,$c1988
=300  \\$a56 s.
=380  \\$iMajor genre$aLiterature$leng
=381  \\$iMajor genre$aLyrical poetry$leng
=490  0\$aBiblioteka Świętokrzyska
=520  2\$aNie będzie rozwodu. Metafora. Zanim wydam cię... (Staszkowi Nyczajowi). - Drzewo Poznania: Po dzwonku. Dzieci. Drugi prezent od rodziców. Egzamin końcowy. Poranek na ulicy. Dłoń. Dzieciństwo. Wiara (Stanisławie Jankowskiej). Kukułkroplówka. Dom. Boczne drogi życia (Tadeuszowi Różewiczowi). Przysięga Hipokratesa (Oli Szczudłowskiej). Obywatelu. Przetrwalnik. Brzemię [proza poet.]. Przy kawie [proza poet.]. - Między zagonami: Latawce. Modlitwa nie do Boga. Nie mając nic... Jak jazz. Egzamin dojrzałości. Na jedną noc. Gdy wracam od... Zagrożenie NN w gazecie. Orzech. Nasze małżeństwo. Nurty rzek. VI VII przykazanie. Przeterminowany czas. Album. - W sieci na motyle: Miłość. Tęsknota za drzewem. W wietrze połoniny. Rozmowy. Tajemnica. Spowiedź. Przytułek dla błądzących... Manowce.
=590  \\$aksiążka twórcy (podmiotowa)
=650  04$aHasła osobowe (literatura polska)
=650  \7$aPolish literature$2ELB-n
=655  \4$aWiersze
=710  2\$aWydawnictwo Łódzkie$1http://viaf.org/viaf/265924884
=856  42$uhttp://libri.ucl.cas.cz/Record/pl000028132$yreviewed by: Laskowska Teresa, [no title], Nowe Książki, Warszawa 1989, nr 7, s. 68-69$4N
=995  \\$aPolska Bibliografia Literacka$bPBL 1989-2003: książki i czasopisma

