=LDR  00720nam-a22001934u-4500
=001  pl000000148
=005  20090131
=008  980225s1988----\\\\\\\\\\\\\\\\\\\\pol
=040  \\$aIBL$bpol
=100  1\$aFelcman, Stanisława$4aut$1http://viaf.org/viaf/27474392
=245  10$aNie złożono broni. /$cStanisława Felcman.
=264  \1$aŁódź : $bWydawnictwo Łódzkie,$c1988
=300  \\$a155 s., tabl., faks., fot., portr.
=590  \\$aksiążka twórcy (podmiotowa)
=650  04$aHasła osobowe (literatura polska)
=650  \7$aPolish literature$2ELB-n
=655  \4$aPam. z lat 1939-1950
=710  2\$aWydawnictwo Łódzkie$1http://viaf.org/viaf/265924884
=995  \\$aPolska Bibliografia Literacka$bPBL 1989-2003: książki i czasopisma

