=LDR  01157nam-a22002654u-4500
=001  pl000000149
=005  20090218
=008  980225s1988----\\\\\\\\\\\\\\\\\\\\pol
=040  \\$aIBL$bpol
=100  1\$aFenikowski, Franciszek$d(1922-1982)$4aut$1http://viaf.org/viaf/72707264
=245  10$aO rudym  jastrzębiu i gdańskiej jaskółce. /$cFranciszek Fenikowski ; Ilustrator: Wanda Orlińska
=264  \1$aWarszawa : $bKrajowa Agencja Wydawnicza,$c1988
=300  \\$a22 s.
=380  \\$iMajor genre$aLiterature$leng
=381  \\$iMajor genre$aFiction$leng
=490  0\$a[Baśnie i Legendy z Całego Świata]
=590  \\$aksiążka twórcy (podmiotowa)
=650  04$aHasła osobowe (literatura polska)
=650  \7$aPolish literature$2ELB-n
=655  \4$aOpowiadania
=655  \4$aOpowiadania i nowele
=700  1\$aOrlińska, Wanda$eIlustrator$4ill
=710  2\$aKrajowa Agencja Wydawnicza$1http://viaf.org/viaf/113151776812418012159
=856  42$uhttp://libri.ucl.cas.cz/Record/pl000088944$yreviewed by: Nowacka Ewa, Kochajmy baśnie, Nowe Książki, Warszawa 1990, nr 4, s. 56-57$4N
=995  \\$aPolska Bibliografia Literacka$bPBL 1989-2003: książki i czasopisma

