=LDR  00998nam-a22002294u-4500
=001  pl000000150
=005  20090131
=008  980225s1988----\\\\\\\\\\\\\\\\\\\\pol
=040  \\$aIBL$bpol
=100  1\$aJankowski, Kazimierz$d(1945-1993)$4aut$1http://viaf.org/viaf/162812345
=245  10$aSłowa niekochane. /$cKazimierz Jankowski.
=264  \1$aPoznań : $bRobotnicze Stowarzyszenie Twórców Kultury,$c1988
=300  \\$a[12] s.
=380  \\$iMajor genre$aLiterature$leng
=381  \\$iMajor genre$aLyrical poetry$leng
=590  \\$aksiążka twórcy (podmiotowa)
=650  04$aHasła osobowe (literatura polska)
=650  \7$aPolish literature$2ELB-n
=655  \4$aWiersze
=710  2\$aRobotnicze Stowarzyszenie Twórców Kultury (Sanok)$1http://viaf.org/viaf/1066162117996502320003
=856  42$uhttp://libri.ucl.cas.cz/Record/pl000054850$yreviewed by: Winkiel Romulada, [no title], Bez przysłony, Poznań 1989, nr 3, s. 4$4N
=995  \\$aPolska Bibliografia Literacka$bPBL 1989-2003: książki i czasopisma

