=LDR  01195nam-a22002054u-4500
=001  pl000000151
=005  20090212
=008  980225s1988----\\\\\\\\\\\\\\\\\\\\pol
=040  \\$aIBL$bpol
=100  1\$aDąbrowski, Stanisław (1930-2007)$4aut
=245  10$aKonstanty Troczyński - człowiek i doktryna. Zbiór rozpraw /$cStanisław (1930-2007) Dąbrowski ; Komitet Nauk o Literaturze Polskiej PAN.
=264  \1$aWrocław : $bZakład Narodowy im. Ossolińskich,$c1988
=300  \\$a232 s.
=490  0\$a151 ; $vRozprawy Literackie
=590  \\$aksiążka w haśle rzeczowym
=650  04$aTeoria literatury. Ogólne
=856  42$uhttp://libri.ucl.cas.cz/Record/pl000027289$yreviewed by: [no author], [no title], Twórczość, Warszawa 1989, nr 4, s. 137$4N
=856  42$uhttp://libri.ucl.cas.cz/Record/pl000055726$yreviewed by: Madejski Jerzy, [no title], Pamiętnik Literacki, Wrocław, Warszawa, Kraków, Gdańsk, Łódź 1989, z. 4, s. 347-353$4N
=856  42$uhttp://libri.ucl.cas.cz/Record/pl000088871$yreviewed by: Lichański Jakub Zdzisław, Książka o Konstantym Troczyńskim, Nowe Książki, Warszawa 1990, nr 2/3, s. 45$4N
=995  \\$aPolska Bibliografia Literacka$bPBL 1989-2003: książki i czasopisma

