=LDR  01498nam-a22002294u-4500
=001  pl000000152
=005  20090131
=008  980225s1988----\\\\\\\\\\\\\\\\\\\\pol
=040  \\$aIBL$bpol
=100  1\$aJankowski, Marek$d(1964- )$4aut$1http://viaf.org/viaf/165694336
=245  10$aPomiędzy woskiem a płomieniem. /$cMarek Jankowski ; Oprac. graf. Jerzy Knop
=264  \1$aSieradz : $bWojewódzki Dom Kultury,$c1988
=300  \\$a16 s.
=380  \\$iMajor genre$aLiterature$leng
=381  \\$iMajor genre$aLyrical poetry$leng
=520  2\$aIm bardziej mnie... Mój życiorys. Księgę piszę... Mały monolog I. Mały monolog II. Mały monolog III. Mały monolog IV. Pomiędzy woskiem a płomieniem. Największy mim w Twym... Stworzyłeś nas Panie... Skazani na śmierć... Z horoskopu Ryb. Śmierć eks-modelki. Przyjdzie kiedyś... Już niedługo medycyny... Pójdę w ciemność nocy... Dzieli nas dużo... Nie płacz... Jesteś już... Ile muzyki zaklętej... Przy wigilijnym stole... Alpinizm zawsze był modny. Znów ten cholerny... Myślałeś - ruszę te odwieczne... Dawałem wam chleb... Miniatura deszczowa (Mariuszowi Cierplikowskiemu). Przestańcie wreszcie wy... - Tadeusz Mocarski: [Nota o twórcz. M.J.].
=590  \\$aksiążka twórcy (podmiotowa)
=650  04$aHasła osobowe (literatura polska)
=650  \7$aPolish literature$2ELB-n
=655  \4$aWiersze
=700  1\$aKnop, Jerzy$eOpracowanie graficzne$4bkd
=995  \\$aPolska Bibliografia Literacka$bPBL 1989-2003: książki i czasopisma

