=LDR  01322nam-a22002534u-4500
=001  pl000000153
=005  20090131
=008  980225s1988----\\\\\\\\\\\\\\\\\\\\pol
=040  \\$aIBL$bpol
=100  1\$aJankowski, Stanisław$d(1911-2002)$4aut$1http://viaf.org/viaf/57414003
=245  10$aZ fałszywym ausweisem w prawdziwej Warszawie. Wspomnienia 1939-1946$n1-2 /$cStanisław Jankowski ; Wstęp: Eugeniusz Duraczyński
=250  \\$a3 uzup.
=264  \1$aS.l. : $bs.n.,$c1988
=300  \\$a431 s., [32] s. tabl.; 494 s., [40] s. tabl.: faks., fot., portr
=490  0\$aBiblioteka Syrenki
=590  \\$aksiążka twórcy (podmiotowa)
=650  04$aHasła osobowe (literatura polska)
=650  \7$aPolish literature$2ELB-n
=651  \4$aWarszawa
=700  1\$aDuraczyński, Eugeniusz$eWstęp$4aui
=856  42$uhttp://libri.ucl.cas.cz/Record/pl000000156$yreviewed by: Kunert Andrzej Krzysztof, [no title], Rocznik Warszawski, Warszawa 1988, t. 20, s. 274-279$4N
=856  42$uhttp://libri.ucl.cas.cz/Record/pl000000157$yreviewed by: [no author], [no title], Dodatek Literacki, Warszawa 1988, nr z 25 XII, s. 3$4N
=856  42$uhttp://libri.ucl.cas.cz/Record/pl000054558$yreviewed by: Raszewska Magdalena, [no title], Nike, Warszawa 1989, nr 4, s. 14$4N
=995  \\$aPolska Bibliografia Literacka$bPBL 1989-2003: książki i czasopisma

