=LDR  02407nam-a22002414u-4500
=001  pl000000154
=005  20090218
=008  980225s1988----\\\\\\\\\\\\\\\\\\\\pol
=040  \\$aIBL$bpol
=100  1\$aFerenc, Teresa$d(1934- )$4aut$1http://viaf.org/viaf/59177779
=245  10$aKradzione w raju. Wiersze o miłości wybrane i nowe /$cTeresa Ferenc.
=264  \1$aSzczecin : $bGlob,$c1988
=300  \\$a102 s., rys.
=490  0\$aBiblioteka Amorka
=520  2\$aGlosy do "Pieśni nad Pieśniami". Świecenie. Jestem żywa. Dwa razy jedno. A cisza twojego milczenia... Światło. Spojrzenie ziemią. Kocham cie. Ogniwo. Tańczące ziemię. Ofiarowanie. Erotyk z morzem. Kochasz. Babel. Wygasłe oddechy ścian. Psalm o szczęśliwej. W domu. Dom na oddechu. Posag. Łaska. Nasturcje. Dzikie madonny. Zalążnia. Zamknięte strony. Upolowanie. W imie swoje. Niecierpliwość przenika z palców... Kiedy podszedłeś. Abdykacja. Jesteś drzewo dojrzałe. W objęciach męża... Matrioszka. Rodzone dzieci. Matka drewniana. Macierzyństwo. Moje Betlejem. Matka płonąca. Psalm z Marią. Poród [z tego cyklu:] Poczęcie. Rozrywasz to cielsko... Ona. Moja święta teściowa. Zazębienie. Za gardło. Adam i Ewa. Erotyk z zielenią. Twoja obcość. Umówiliśmy się od początku... Źródłem się podziemnym dobijasz... Niepogoda. Jeszcze jeden krok... Powitanie. Człowiek. Bez ciebie. Kaleczy twoja nieobecność... Miłości. Psalm dla córki. Gloria. Stara matka. Kołysanka. Zieleń i róź jest moim... Laura. Zaprzęg z matką. Potrzebna (T. Łukasiewicz). Kobieta. Garść wody. Mowa. Ziarno. Nie ominęła mnie zima... Erotyk. Mówię. Weselne umieranie. Rozmowa. Kobieta i mężczyzna. Kradzione w raju.
=590  \\$aksiążka twórcy (podmiotowa)
=650  04$aHasła osobowe (literatura polska)
=650  \7$aPolish literature$2ELB-n
=710  2\$aGlob$1http://viaf.org/viaf/311400713
=856  42$uhttp://libri.ucl.cas.cz/Record/pl000000158$yreviewed by: Biela Emil, [no title], Kultura, Warszawa 1988, nr 39, s. 10$4N
=856  42$uhttp://libri.ucl.cas.cz/Record/pl000000160$yreviewed by: Siemieniuk-Fręś Mieczysława, [no title], Autograf, Gdańsk 1988, nr 4, s. 65$4N
=856  42$uhttp://libri.ucl.cas.cz/Record/pl000056111$yreviewed by: Siemieniuk-Fręś Mieczysława, [no title], Autograf, Gdańsk 1989, nr 1, s. 53$4N
=995  \\$aPolska Bibliografia Literacka$bPBL 1989-2003: książki i czasopisma

