=LDR  01069nam-a22002054u-4500
=001  pl000000155
=005  20090716
=008  980225s1988----\\\\\\\\\\\\\\\\\\\\eng
=040  \\$aIBL$bpol
=100  1\$aCzaykowski, Bogdan$4aut
=245  10$aPolish writing in Canada. A preliminary survey /$cBogdan Czaykowski ; [Red. i wstęp:] Michael S. Batts
=264  \1$a[Ottava] : $bDepartament  of Secretary of State of Canada,$c1988
=300  \\$a57 s.
=520  2\$a[M. in. o twórczości pisarzy: D. Bieńkowska, Z. Bohdanowiczowa, A. Brycht, A. Busza, M. Choromański, B. Czaykowski, Z. Grabowski, J. Ihnatowicz, W. Iwaniuk, F. Śmieja
=590  \\$aksiążka w haśle rzeczowym
=650  04$aLiteratura współczesna 1945-1989, ogólne materiały (Literatura współczesna 1945-1989)
=650  04$aOgólne (1945-1989)
=700  1\$aBatts, Michael S.$eRedakcja$4edt
=856  42$uhttp://libri.ucl.cas.cz/Record/pl000103060$yreviewed by: Cybulska Maja Elżbieta, W Kanadzie, Tydzień, Londyn 1990, nr 18, s. 9$4N
=995  \\$aPolska Bibliografia Literacka$bPBL 1989-2003: książki i czasopisma

