=LDR  01328nam-a22002294u-4500
=001  pl000000159
=005  20090211
=008  980225s1988----\\\\\\\\\\\\\\\\\\\\pol
=040  \\$aIBL$bpol
=100  1\$aKijowska, Kazimiera nazw. właśc.$4aut
=245  10$aWidzieć Polskę z oddalenia /$cKazimiera nazw. właśc. Kijowska.
=264  \1$aParis : $bEditions Spotkania,$c1988
=300  \\$a207 s. [Nazwisko właściwe autorki: Kazimiera Kijowska]
=520  2\$a[Wywiady m. in. z J. Czapskim, G. Herlingiem-Grudzińskim, Z. Najderem, J. Nowakiem
=590  \\$aksiążka w haśle rzeczowym
=650  04$aLiteratura współczesna 1945-1989, ogólne materiały (Literatura współczesna 1945-1989)
=650  04$aOgólne (1945-1989)
=710  2\$aEditions Spotkania$1http://viaf.org/viaf/308780618
=856  42$uhttp://libri.ucl.cas.cz/Record/pl000047880$yreviewed by: Królak Tomasz, [no title], Przegląd Katolicki, Warszawa 1989, nr 33/34, s. 6$4N
=856  42$uhttp://libri.ucl.cas.cz/Record/pl000068642$yreviewed by: Siemion Piotr, [no title], Przegląd Polski = Polish Review, Nowy Jork 1989, nr z 15 VI, s. 4$4N
=856  42$uhttp://libri.ucl.cas.cz/Record/pl000106827$yreviewed by: Sieczkowski Grzegorz, Polska z oddalenia, Ład, Warszawa 1990, nr 33, s. 7$4N
=995  \\$aPolska Bibliografia Literacka$bPBL 1989-2003: książki i czasopisma

