=LDR  02362nam-a22002894u-4500
=001  pl000000161
=005  19980225
=008  980225s1988----\\\\\\\\\\\\\\\\\\\\pol
=040  \\$aIBL$bpol
=100  1\$aFerenc, Teresa$d(1934- )$4aut$1http://viaf.org/viaf/59177779
=245  10$aNóż za ptakiem /$cTeresa Ferenc.
=264  \1$aWarszawa : $bCzytelnik,$c1988
=300  \\$a50 s.
=490  0\$a[Seria Poetycka]
=520  2\$aChory dom: Chory dom (1-6). Pamięci księdza Jerzego Popiełuszki. - Garść ognia: Głos. Boże Narodzenie 1981. Czarna Maria ze wsi Sochy. Psalm - Wygnanie (1-8). Apokalipsa. Zarzynanie gęsi. Lęki. Psalm - Mieszkanka Północy. Psalm z zimna. Posag. Psalm - Biały ranek. Ogród. Psalm z ognia (1-7). Wrzesień 1984 (1-3). - Garść wody: Kobieta i morze. Plaża w Dębkach. Psalm ognia i wody. Kobieta i mężczyzna. Poranek. Łabędź. Garść wody. Modlitwa wieczorna. Połów. Dom wody. Nokturn. Późny wieczór.
=590  \\$aksiążka twórcy (podmiotowa)
=650  04$aHasła osobowe (literatura polska)
=650  \7$aPolish literature$2ELB-n
=856  42$uhttp://libri.ucl.cas.cz/Record/pl000000163$yreviewed by: Bieńkowski Zbigniew, [no title], Tygodnik Kulturalny, Warszawa 1988, nr 35, s. 12$4N
=856  42$uhttp://libri.ucl.cas.cz/Record/pl000000171$yreviewed by: Heck Dorota, [no title], Twórczość, Warszawa 1988, nr 11, s. 110-112$4N
=856  42$uhttp://libri.ucl.cas.cz/Record/pl000000172$yreviewed by: Korzeniowska Grażyna, [no title], Świat Książki, Warszawa 1988, nr 4, s. 22$4N
=856  42$uhttp://libri.ucl.cas.cz/Record/pl000000174$yreviewed by: Pieńkosz Konstanty, [no title], Literatura, Warszawa 1988, nr 9, s. 69-70$4N
=856  42$uhttp://libri.ucl.cas.cz/Record/pl000000175$yreviewed by: Sienkiewicz Franciszek, [no title], Kultura, Warszawa 1988, nr 29, s. 10$4N
=856  42$uhttp://libri.ucl.cas.cz/Record/pl000000176$yreviewed by: Szymańska Adriana, [no title], Przegląd Powszechny, Warszawa 1988, nr 12, s. 446-448$4N
=856  42$uhttp://libri.ucl.cas.cz/Record/pl000038177$yreviewed by: Jurkowski Stefan, [no title], Życie Literackie, Kraków 1989, nr 7, s. 10$4N
=856  42$uhttp://libri.ucl.cas.cz/Record/pl000057305$yreviewed by: Gawłowski Robert, [no title], Autograf, Gdańsk 1989, nr 9, s. 62-64$4N
=995  \\$aPolska Bibliografia Literacka$bPBL 1989-2003: książki i czasopisma

