=LDR  01051nam-a22002534u-4500
=001  pl000000162
=005  20090131
=008  980225s1988----\\\\\\\\\\\\\\\\\\\\pol
=040  \\$aIBL$bpol
=100  1\$aJanota, Wojciech$4aut$1http://viaf.org/viaf/76730795
=245  10$aPółnocna podróż. /$cWojciech Janota ; Oprac. graf. Tadeusz Biernot
=264  \1$aKatowice : $bKrajowa Agencja Wydawnicza,$c1988
=300  \\$a35 s.
=380  \\$iMajor genre$aLiterature$leng
=381  \\$iMajor genre$aFiction$leng
=590  \\$aksiążka twórcy (podmiotowa)
=650  04$aHasła osobowe (literatura polska)
=650  \7$aPolish literature$2ELB-n
=655  \4$aOpowiadania
=655  \4$aOpowiadania i nowele
=700  1\$aBiernot, Tadeusz$eOpracowanie graficzne$4bkd
=710  2\$aKrajowa Agencja Wydawnicza$1http://viaf.org/viaf/113151776812418012159
=856  42$uhttp://libri.ucl.cas.cz/Record/pl000063136$yreviewed by: Sitkowski Marek, [no title], Motywy, Warszawa 1989, nr 3, s. 8$4N
=995  \\$aPolska Bibliografia Literacka$bPBL 1989-2003: książki i czasopisma

