=LDR  02627nam-a22003254u-4500
=001  pl000000164
=005  20160420
=008  980225s1988----\\\\\\\\\\\\\\\\\\\\pol
=040  \\$aIBL$bpol
=100  1\$aKarpiński, Wojciech$4aut
=245  10$aKsiążki zbójeckie /$cWojciech Karpiński.
=264  \1$aLondyn : $bPolonia Book Fundation; \1$aLondyn : $bPolonia,$c1988
=300  \\$a256 s. rys., fot.
=490  0\$a164 ; $vWokół Literatury
=520  2\$aOd autora [wstęp]. - Broń ostatnia [polscy pisarze-emigranci o zjawisku emigracji]. Swobodne głosy [powojenna literatura emigracyjna]. - [Szkice poświęcone twórczości pisarzy: J. Czapski, W. Gombrowicz, G. Herling-Grudziński, K. Jeleński, Cz. Miłosz, J. Stempowski, A. Wat]. - Noty bio-bibliograficzne. - O autorze
=590  \\$aksiążka w haśle rzeczowym
=650  04$aLiteratura współczesna 1945-1989, ogólne materiały (Literatura współczesna 1945-1989)
=650  04$aOgólne (1945-1989)
=856  42$uhttp://libri.ucl.cas.cz/Record/pl000047978$yreviewed by: Bojarska Anna, [no title], Gazeta Wyborcza, Warszawa 1989, nr 134, s. 8$4N
=856  42$uhttp://libri.ucl.cas.cz/Record/pl000049534$yreviewed by: Kozarynowa Zofia, [no title], Tydzień, Londyn 1989, nr 8, s. 7, 12$4N
=856  42$uhttp://libri.ucl.cas.cz/Record/pl000061388$yreviewed by: Szaruga Leszek, [no title], Kontakt, Paris 1989, nr 5, s. 105-109$4N
=856  42$uhttp://libri.ucl.cas.cz/Record/pl000066049$yreviewed by: Nieckula Franciszek, [no title], 1989$4N
=856  42$uhttp://libri.ucl.cas.cz/Record/pl000074991$yreviewed by: Rajjchijc Biserka, [no title], 1989$4N
=856  42$uhttp://libri.ucl.cas.cz/Record/pl000093130$yreviewed by: Pawelec Dariusz, Ciepło, zimno..., Res Publica, Warszawa 1990, nr 6, s. 109-111$4N
=856  42$uhttp://libri.ucl.cas.cz/Record/pl000093344$yreviewed by: Twardoń Ryszard, O "Książkach zbójeckich" Wojciecha Karpińskiego, Twórczość, Warszawa 1990, nr 5, s. 95-101$4N
=856  42$uhttp://libri.ucl.cas.cz/Record/pl000108305$yreviewed by: Piskozub Andrzej, Oni, Autograf, Gdańsk 1990, nr 1, s. 69-70$4N
=856  42$uhttp://libri.ucl.cas.cz/Record/pl000115031$yreviewed by: Werner Andrzej, Granice tolerancji, Krytyka, Warszawa 1990, nr 32/33, s. 244-251$4N
=856  42$uhttp://libri.ucl.cas.cz/Record/pl000116587$yreviewed by: Niemiec Maciej, [no title], Kontakt, Paris 1990, nr 4, s. 85-93$4N
=856  42$uhttp://libri.ucl.cas.cz/Record/pl000137142$yreviewed by: Burska Lidia, Salon Karpińskiego, Teksty Drugie, Warszawa 1991, nr 1/2, s. 233-236$4N
=995  \\$aPolska Bibliografia Literacka$bPBL 1989-2003: książki i czasopisma

