=LDR  00791nam-a22002174u-4500
=001  pl000000166
=005  20090131
=008  980225s1988----\\\\\\\\\\\\\\\\\\\\pol
=040  \\$aIBL$bpol
=100  1\$aJanuszewska, Hanna$d(1905-1980)$4aut$1http://viaf.org/viaf/166599323
=245  10$aWalc panny Ludwiki /$cHanna Januszewska ; Il. Wiesław Majchrzak
=250  \\$a2
=264  \1$aWarszawa : $bNasza Księgarnia,$c1988
=300  \\$a141 s.
=490  0\$aKolekcja Jubileuszowa
=590  \\$aksiążka twórcy (podmiotowa)
=650  04$aHasła osobowe (literatura polska)
=650  \7$aPolish literature$2ELB-n
=700  1\$aMajchrzak, Wiesław$eIlustrator$4ill
=710  2\$a"Nasza Księgarnia"$1http://viaf.org/viaf/147390924
=995  \\$aPolska Bibliografia Literacka$bPBL 1989-2003: książki i czasopisma

