=LDR  02196nam-a22002414u-4500
=001  pl000000167
=005  20090131
=008  980225s1988----\\\\\\\\\\\\\\\\\\\\pol
=040  \\$aIBL$bpol
=100  1\$aJanuszko, Stanisław$d(1914-2002)$4aut$1http://viaf.org/viaf/101727330
=245  10$aŚladami bardów. Wybór wierszy /$cStanisław Januszko ; Układ wierszy: Antoni Śledziewski
=264  \1$aWarszawa : $bLudowa Spółdzielnia Wydawnicza,$c1988
=300  \\$a82 s., portr.
=520  2\$aGrajek wioskowy. O sobie. Moje rymy. Tam serce moje. Ojców mowa. Czymże ja jestem? Klon. Tułaczy talizman. Letni poranek. Graj mi kolędy. Rodzina dzikich gęsi. Kraj moich marzeń. Rodzinne strony. Nad Biebrzą. Jarmark w Suchowoli. A niechaj mnie. Polna droga. Mojsze z ulicy Dundas. Do Polski. Umiłowany kraj. Czy tam powrócę? I cóż ja zrobię? Ludowi tworzę. Wierzba. Żniwa. Samotna jabłoń. Zima w Polsce. Kanadyjska jesień. Jezioro Ontario. Ostatnia droga Wincentego Witosa. Nieznanym żołnierzom. Na pożegnanie. Droga do Polski. Do ojczyzny. Są różni ludzie. W sierpniową noc. Moja wioska. Cześć Kanadzie. Ziemia gościnna. Grzybobranie w Kanadzie. Czarodziejka wiosna. Nie wiem. Ubogi nasz grunt. Senna marzenia. Ptasi spór. Kocham starych bardów. Staropolskie zapusty. Sarmaci. Spotkanie. Turyści z Kanady. Kłótnia. Urodzony w niedzielę. - Aforyzmy i fraszki.
=590  \\$aksiążka twórcy (podmiotowa)
=650  04$aHasła osobowe (literatura polska)
=650  \7$aPolish literature$2ELB-n
=700  1\$aŚledziewski, Antoni$eUkład wierszy$4bkd
=710  2\$aLudowa Spółdzielnia Wydawnicza$1http://viaf.org/viaf/130579677
=856  42$uhttp://libri.ucl.cas.cz/Record/pl000051754$yreviewed by: Kurzawa Eugeniusz, [no title], Kurier Podlaski, Białystok 1989, nr 45, s. 6$4N
=856  42$uhttp://libri.ucl.cas.cz/Record/pl000052261$yreviewed by: Smaszcz Waldemar, [no title], Kurier Podlaski, Białystok 1989, nr 218, s. 8$4N
=856  42$uhttp://libri.ucl.cas.cz/Record/pl000076597$yreviewed by: Pacewicz Olga, [no title], Gazeta Współczesna, Białystok, Łomża, Suwałki 1989, nr 47, s. 5$4N
=995  \\$aPolska Bibliografia Literacka$bPBL 1989-2003: książki i czasopisma

