=LDR  04125nam-a22003374u-4500
=001  pl000000169
=005  20090202
=008  980225s1988----\\\\\\\\\\\\\\\\\\\\pol
=040  \\$aIBL$bpol
=100  1\$aLam, Andrzej$d(1929- )$4aut$1http://viaf.org/viaf/102378389
=245  10$aLupus in fabula. Szkice literackie /$cAndrzej Lam.
=264  \1$aKraków : $bWydawnictwo Literackie,$c1988
=300  \\$a184 s.
=520  2\$aRole pisarza: Jak dzielić literaturę na okresy? [zag. periodyzacji lit. pol. po 1918]. Przesłanki syntezy literatury współczesnej. Role pisarza [po 1945]. Pisarze obecni - nieobecni [badacz literatury wobec podziałów lit. po 1945 wg kryteriów polit.]. Literatura klęski i spełnienia [temat wojny w lit. po 1945]. Człowiek, natura, cywilizacja [konflikt natury i cywilizacji w lit. współcz.]. Polemiczność opowiadań profesora Tutki [J. Szaniawski "Profesor Tutka"]. Kochanowski a poeci XX wieku [B. Leśmian, Cz. Miłosz, L. Staff]. Gałczyński między młotem a kowadłem. Lupus in fabula czyli o dialogowości poezji (na przykładzie Z. Herberta). - Poetyka na co dzień: Poetyka pragmatyczna. Słowo - zaklęcie. Literackość jako przedmiot interpretacji. Poetyka na co dzień [cykl fel. rad.]. Kategorie podmiotu w liryce. - Z diariusza: Awangardyzm [w lit. polskiej XX-lecia międzywojennego]. Tram w poprzek niepamięci [nt. futuryzmu w Pol.]. ...Teraz ty poczywaj [J. Przyboś]. Kosmogonia ze złego snu [J. Brzękowski: Nowa kosmogonia]. O Krakowie i awangardzie [awangarda XX-lecia międzywojennego i jej legenda]. Odkrycia i fobie Peipera - pamiętnikarza. Schulz i Has [o adapt. film. "Sanatorium pod Klepsydrą"]. Delectatio morosa [o filmie "Lekcja martwego języka" wg pow. A. Kuśniewicza]. Groźne eksperymenty [R. Wojaczek]. Po tylu latach [S. Grochowiak]. Poezja współczesna na wesoło [A. Sandauer: Ewolucja poezji polskiej 1945-1968, druk. "Polityka" 1979 nr 18-20]. Nagroda za klęski [Cz. Miłosz]. Rzeka ostrząca sierp [T. Nowak]. Głosy i echa [B. Taborski]. "Zgoda", czyli niepogodzenie [J. Kochanowski: Zgoda]. Zrozumieć siebie. Wspomnienia z pytajnikiem [T. Drewnowski: Tyle hałasu - o nic?]. Pośrednicy Gombrowicza [Gombrowicz i krytycy. Oprac. Z. Łapiński. Kraków 1984]. Krytyka: pole wyboru [rola kryt. lit.]. - Od Autora [nota bibliograficzna].
=590  \\$aksiążka w haśle rzeczowym
=650  04$aHistoria literatury polskiej, Literatura dwudziestolecia międzywojennego
=650  04$aLiteratura współczesna 1945-1989, ogólne materiały (Literatura współczesna 1945-1989)
=650  04$aOgólne (1945-1989)
=650  04$aTematy, motywy, Wojna światowa II, okupacja
=650  \7$aPolish literature$2ELB-n
=787  \\$aFilmy polskie, Lekcja martwego języka
=787  \\$aFilmy polskie, Sanatorium pod Klepsydrą
=856  42$uhttp://libri.ucl.cas.cz/Record/pl000000180$yreviewed by: Michalski Henryk, [no title], Kultura, Warszawa 1988, nr 50, s. 8$4N
=856  42$uhttp://libri.ucl.cas.cz/Record/pl000028433$yreviewed by: Lichański Jakub Zdzisław, [no title], Nowe Książki, Warszawa 1989, nr 11, s. 40-42$4N
=856  42$uhttp://libri.ucl.cas.cz/Record/pl000038499$yreviewed by: Pawelec Dariusz, O dialogu i jeszcze o czymś, Życie Literackie, Kraków 1989, nr 15, s. 12$4N
=856  42$uhttp://libri.ucl.cas.cz/Record/pl000057248$yreviewed by: Błażejewski Tadeusz, [no title], Pismo Literacko-Artystyczne, Kraków 1989, nr 6, s. 185-187$4N
=856  42$uhttp://libri.ucl.cas.cz/Record/pl000074313$yreviewed by: Chojnowski Zbigniew, [no title], Świat Książki, Warszawa 1989, nr 6, s. 5$4N
=856  42$uhttp://libri.ucl.cas.cz/Record/pl000074701$yreviewed by: Janowicz Leon, [no title], Kurier Polski, Warszawa 1989, nr 40, s. 5$4N
=856  42$uhttp://libri.ucl.cas.cz/Record/pl000074702$yreviewed by: [no author], [no title], Kurier Polski, Warszawa 1989, nr 40, s. 5$4N
=856  42$uhttp://libri.ucl.cas.cz/Record/pl000074779$yreviewed by: Gołębiowski Wojciech, [no title], Miesięcznik Literacki, Warszawa 1989, nr 11/12, s. 135-138$4N
=995  \\$aPolska Bibliografia Literacka$bPBL 1989-2003: książki i czasopisma

