=LDR  01277nam-a22002054u-4500
=001  pl000000170
=005  20090212
=008  980225s1988----\\\\\\\\\\\\\\\\\\\\pol
=040  \\$aIBL$bpol
=100  1\$aHawkes, Terence$4aut
=245  10$aStrukturalizm i semiotyka /$cTerence Hawkes ; Przeł. Ignacy Sieradzki. Posł. Michał Głowiński
=264  \1$aWarszawa : $bPaństwowe Wydawnictwo Naukowe,$c1988
=300  \\$a280 s.
=520  2\$aWstęp: Vico. Piaget. Strukturalizm. - Językoznawstwo i antropologia: Saussure. Amerykańskie językoznawstwo strukturalne. C. Levi-Strauss. - Struktury dzieł literackich: Rosyjski formalizm ("Ruch koniem"). Europejskie językoznawstwo strukturalne. R. Jakobson. A.J. Greimas. Tz. Todorov. R. Barthes. - Nauka o znakach. - Wnioski (Nowa "Nowa Krytyka" w miejsce starej "Nowej Krytyki"?): "Nowa Krytyka". "Nowa" Nowa Krytyka.
=590  \\$aksiążka w haśle rzeczowym
=650  04$aTeoria literatury. Ogólne
=700  1\$aGłowiński, Michał$eAutor posłowia$4aft
=700  1\$aSieradzki, Ignacy$eTłumacz$4trl
=856  42$uhttp://libri.ucl.cas.cz/Record/pl000088715$yreviewed by: Ulicka Danuta, Czekając na ciąg dalszy, Nowe Książki, Warszawa 1990, nr 1, s. 45-47$4N
=995  \\$aPolska Bibliografia Literacka$bPBL 1989-2003: książki i czasopisma

