=LDR  00881nam-a22002294u-4500
=001  pl000000173
=005  20090131
=008  980225s1988----\\\\\\\\\\\\\\\\\\\\pol
=040  \\$aIBL$bpol
=100  1\$aJańczak, Krystyna$4aut$1http://viaf.org/viaf/167025979
=245  10$aOpowieści o herosach. /$cKrystyna Jańczak.
=264  \1$aJelenia Góra : $bJeleniogórskie Towarzystwo Społeczno-Kulturalne. Wydział Kultury i Sztuki Urzędu Miejskiego,$c1988
=300  \\$a19 s.
=380  \\$iMajor genre$aLiterature$leng
=381  \\$iMajor genre$aFiction$leng
=520  2\$aKądziel Heraklesa. Bat Jazona. Miecz Agamemnona.
=590  \\$aksiążka twórcy (podmiotowa)
=650  04$aHasła osobowe (literatura polska)
=650  \7$aPolish literature$2ELB-n
=655  \4$aOpowiadania
=655  \4$aOpowiadania i nowele
=995  \\$aPolska Bibliografia Literacka$bPBL 1989-2003: książki i czasopisma

