=LDR  00799nam-a22002054u-4500
=001  pl000000177
=005  20090218
=008  980225s1988----\\\\\\\\\\\\\\\\\\\\\\\
=040  \\$aIBL$bpol
=100  1\$aFiałkowski, Konrad$d(1939-2020)$4aut$1http://viaf.org/viaf/99601006
=245  10$aHomo divisus /$cKonrad Fiałkowski ; [Tł.] Istvan Nemre
=264  \1$aBudapest : $bMora Konyvkiado,$c1988
=300  \\$a157 + 173 s.
=520  2\$a[Współwyd.: Hollanek Adam: Meg egu kiesit elni].
=590  \\$aksiążka twórcy (podmiotowa)
=650  04$aHasła osobowe (literatura polska)
=650  04$aPrzekłady z literatury polskiej na języki obce, węgierski
=650  \7$aPolish literature$2ELB-n
=700  1\$aNemre, Istvan$eTłumacz$4trl
=995  \\$aPolska Bibliografia Literacka$bPBL 1989-2003: książki i czasopisma

