=LDR  00810nam-a22002294u-4500
=001  pl000000178
=005  20090131
=008  980225s1988----\\\\\\\\\\\\\\\\\\\\pol
=040  \\$aIBL$bpol
=100  1\$aJar, Andrzej$4aut
=245  10$aPółwysep. Antycypacja w jedenastu odsłonach. /$cAndrzej Jar ; Il. Maciej Bubella
=264  \1$aWarszawa : $bStudencka Oficyna Wydawnicza ZSP "Alma-Press",$c1988
=300  \\$a30 s.
=380  \\$iMajor genre$aLiterature$leng
=381  \\$iMajor genre$aFiction$leng
=590  \\$aksiążka twórcy (podmiotowa)
=650  04$aHasła osobowe (literatura polska)
=650  \7$aPolish literature$2ELB-n
=655  \4$aOpowiadania
=655  \4$aOpowiadania i nowele
=700  1\$aBubella, Maciej$eIlustrator$4ill
=995  \\$aPolska Bibliografia Literacka$bPBL 1989-2003: książki i czasopisma

