=LDR  01124nam-a22001934u-4500
=001  pl000000181
=005  20090131
=008  980225s1988----\\\\\\\\\\\\\\\\\\\\pol
=040  \\$aIBL$bpol
=100  1\$aJarecki, Jacek$d(1963- )$4aut$1http://viaf.org/viaf/302391728
=245  10$aWiersze /$cJacek Jarecki ; Rada Okręgowa Zrzeszenia Studentów Polskich w Warszawie.
=264  \1$aWarszawa : $bStudencka Oficyna Wydawnicza ZSP "Alma-Press",$c1988
=300  \\$a16 s.
=520  2\$aMój prywatny diabeł... Gdy zasypiam... Były puste miejsca... Umarł cesarz... Legenda o Janosiku. Legenda o Wilhelmie Tellu. Wrzaśnięto hasło... Pójdziemy jak koty... Lecz coraz częściej... Kto ty jeteś? ... Nauczyli się strzelać... Droga prowadzi... Legendarne czasy... Idę, mijam dotykam...
=590  \\$aksiążka twórcy (podmiotowa)
=650  04$aHasła osobowe (literatura polska)
=650  \7$aPolish literature$2ELB-n
=856  42$uhttp://libri.ucl.cas.cz/Record/pl000057278$yreviewed by: Rusin Stefan, [no title], Przegląd Koniński, Konin 1989, nr 15, s. 9$4N
=995  \\$aPolska Bibliografia Literacka$bPBL 1989-2003: książki i czasopisma

