=LDR  01814nam-a22001694u-4500
=001  pl000000182
=005  20091016
=008  980225s1988----\\\\\\\\\\\\\\\\\\\\\\\
=040  \\$aIBL$bpol
=245  10$aStruktura, jelentes, ertek. A cseh es a lengyel strukturalizmus az irodalomtudomanyban /$c[no author] ; [Wybór i red.:] Endre Bojtar
=264  \1$aBudapest : $bAkademiai Kiado,$c1988
=300  \\$a364 s.
=520  2\$a[Zawiera m. in.:] R. Jakobson: Realizmus a muveszetben. Tł. I. Lorincz. - [Id.]: Mi a kolteszet? Tł. E. Bojtar. - [Id.]: Szeliegezetek a kolto Paszternak prozajahoz. Tł. G. Bonyhaj. - K. Wóycicki: [Historia literatury i poetyka] Az irodalomtortenet es a poetika. Tł. G. Kodas. - Z. Łempicki: [W sprawie uzasadnienia poetyki czystej] A tiszta poetika megalapozasanak kerdeserol. Tł. G. Kadas. - F. Siedlecki: [Trzy dziedziny badań nad wierszem] A verstani kutatasok harom terulete. Tł. G. Kadas. - M. Kridl: [Wstęp do badań dzieła literackiego] Bevezetes az irodalmi mu tunalmanyozasaba. Tł. G. Kadas. - S. Żółkiewski: [Powrót do Itaki] Visszateres Ithakaba. Tł. G. Kadas. - R. Ingarden: [Dwuwymiarowa budowa dzieła sztuki literackiej] Az irodalmi mualkotas ketdimenzios szerkezete. Tł. J. Cservenits. - [Id.]: [Schematyczność dzieła literackiego] Az irodalmi mu sematikus jellege. Tł. E. Bojtar. - [Id.]: [Dzieło literackie i jego konkretyzacje] Az irodalmi mu es konkretizacion. Tł. E. Bojtar. - [Id.]: [Wartości artystyczne i wartości estetyczne] Muveszi ertekek es esztetikai ertekek. Tł. E. Bojtar. [Id.]: [Czego nie wiemy o wartościach] Mit nem tudunk az ertekekrol. Tł. E. Bojtar.
=590  \\$aksiążka w haśle rzeczowym
=650  04$aTeoria literatury. Ogólne
=700  1\$aBojtar, Endre$enan
=995  \\$aPolska Bibliografia Literacka$bPBL 1989-2003: książki i czasopisma

