=LDR  00709nam-a22001934u-4500
=001  pl000000183
=005  20090131
=008  980225s1988----\\\\\\\\\\\\\\\\\\\\pol
=040  \\$aIBL$bpol
=100  1\$aJarosiński, Roman$4aut$1http://viaf.org/viaf/163996261
=245  10$aKolekcjoner /$cRoman Jarosiński.
=264  \1$aWarszawa : $bWydawnictwo Ministerstwa Obrony Narodowej,$c1988
=300  \\$a207 s.
=490  0\$aLabirynt
=590  \\$aksiążka twórcy (podmiotowa)
=650  04$aHasła osobowe (literatura polska)
=650  \7$aPolish literature$2ELB-n
=710  2\$aWydawnictwo Ministerstwa Obrony Narodowej$1http://viaf.org/viaf/156428269
=995  \\$aPolska Bibliografia Literacka$bPBL 1989-2003: książki i czasopisma

