=LDR  01259nam-a22002294u-4500
=001  pl000000184
=005  20090202
=008  980225s1988----\\\\\\\\\\\\\\\\\\\\pol
=040  \\$aIBL$bpol
=100  1\$aJasek, Mieczysław$d(1925-2007)$4aut$1http://viaf.org/viaf/250582889
=245  10$aWiersze wybrane /$cMieczysław Jasek ; Wstęp: Ryszard Len. Wybór: Tadeusz Sznerch
=264  \1$aLegnica : $bWojewódzki Dom Kultury,$c1988
=300  \\$a27 s.
=490  0\$a184 ; $vZeszyty Literackie Dolnośląskiego Klubu Literackiego Nauczycieli we Wrocławiu
=520  2\$aW mieście. Fuga strzelista. Ulatujący zbór. Spawacz I. Suwnicowa. Antyfona do ślusarza. Błękity Van Gogha. Bez wonnych ... Dłonie matki. "A na Szczyrku kościół z jedli". Harnasie. Plecak miłości pierwszej. Modrzewie. Z siebie... Rozdwojenie.
=590  \\$aksiążka twórcy (podmiotowa)
=650  04$aHasła osobowe (literatura polska)
=650  \7$aPolish literature$2ELB-n
=700  1\$aLen, Ryszard$eWstęp$4aui
=700  1\$aSznerch, Tadeusz$eWybór$4com
=856  42$uhttp://libri.ucl.cas.cz/Record/pl000262165$yreviewed by: Czajkowski Mieczysław, Rozdwojenie, Najprościej, Białystok 1991, nr 1, s. 21-24$4N
=995  \\$aPolska Bibliografia Literacka$bPBL 1989-2003: książki i czasopisma

