=LDR  00837nam-a22002054u-4500
=001  pl000000185
=005  20090218
=008  980225s1988----\\\\\\\\\\\\\\\\\\\\est
=040  \\$aIBL$bpol
=100  1\$aFicowski, Jerzy$d(1924-2006)$4aut$1http://viaf.org/viaf/64005552
=245  10$aKaksteist hobust ja neiu ujuvalt saarelt. Mustlaste muinasjutte /$cJerzy Ficowski ; [Tł.] Aleksander Kurtna. [Il.] Roman Kotsjuba
=264  \1$aTallin : $bKunst,$c1988
=300  \\$a122 s.
=590  \\$aksiążka twórcy (podmiotowa)
=650  04$aHasła osobowe (literatura polska)
=650  04$aPrzekłady z literatury polskiej na języki obce, estoński
=650  \7$aPolish literature$2ELB-n
=700  1\$aKotsjuba, Roman$eIlustrator$4ill
=700  1\$aKurtna, Aleksander$eTłumacz$4trl
=995  \\$aPolska Bibliografia Literacka$bPBL 1989-2003: książki i czasopisma

