=LDR  00901nam-a22002054u-4500
=001  pl000000187
=005  19980225
=008  980225s1988----\\\\\\\\\\\\\\\\\\\\pol
=040  \\$aIBL$bpol
=100  1\$aFicowski, Jerzy$d(1924-2006)$4aut$1http://viaf.org/viaf/64005552
=245  10$aOdczytanie popiołów /$cJerzy Ficowski.
=250  \\$a2
=264  \1$aWarszawa : $bIskry,$c1988
=300  \\$a45 s.
=590  \\$aksiążka twórcy (podmiotowa)
=650  04$aHasła osobowe (literatura polska)
=650  \7$aPolish literature$2ELB-n
=856  42$uhttp://libri.ucl.cas.cz/Record/pl000000188$yreviewed by: Korzeniowski Tomasz, [no title], Nowe Książki, Warszawa 1988, nr 11, s. 73-74$4N
=856  42$uhttp://libri.ucl.cas.cz/Record/pl000046737$yreviewed by: Cichosz Jan Henryk, [no title], Tygodnik Zamojski, Zamość 1989, nr 1, s. 14$4N
=995  \\$aPolska Bibliografia Literacka$bPBL 1989-2003: książki i czasopisma

