=LDR  00829nam-a22001934u-4500
=001  pl000000190
=005  20090131
=008  980225s1988----\\\\\\\\\\\\\\\\\\\\pol
=040  \\$aIBL$bpol
=100  1\$aJasienica, Paweł$d(1909-1970)$4aut$1http://viaf.org/viaf/19696978
=245  10$aDwie drogi /$cPaweł Jasienica.
=264  \1$aWarszawa : $bPaństwowy Instytut Wydawniczy,$c1988
=300  \\$a276 s.
=590  \\$aksiążka twórcy (podmiotowa)
=650  04$aHasła osobowe (literatura polska)
=650  \7$aPolish literature$2ELB-n
=710  2\$aPaństwowy Instytut Wydawniczy$1http://viaf.org/viaf/137180659
=856  42$uhttp://libri.ucl.cas.cz/Record/pl000000192$yreviewed by: Wilcz-Grzędzińska Ewa, [no title], Historia i Życie, Warszawa 1988, nr 3, s. 4$4N
=995  \\$aPolska Bibliografia Literacka$bPBL 1989-2003: książki i czasopisma

