=LDR  00889nam-a22002054u-4500
=001  pl000000193
=005  20090131
=008  980225s1988----\\\\\\\\\\\\\\\\\\\\pol
=040  \\$aIBL$bpol
=100  1\$aJasienica, Paweł$d(1909-1970)$4aut$1http://viaf.org/viaf/19696978
=245  10$aOstatnia z rodu /$cPaweł Jasienica.
=250  \\$a5
=264  \1$aWarszawa : $bCzytelnik,$c1988
=300  \\$a281 s.
=590  \\$aksiążka twórcy (podmiotowa)
=650  04$aHasła osobowe (literatura polska)
=650  \7$aPolish literature$2ELB-n
=856  42$uhttp://libri.ucl.cas.cz/Record/pl000065099$yreviewed by: Chodyniecka Maria, [no title], Trybuna Opolska, Opole 1989, nr 57, s. 4$4N
=856  42$uhttp://libri.ucl.cas.cz/Record/pl000076621$yreviewed by: [no author], [no title], Świat Książki, Warszawa 1989, nr 10, s. 17$4N
=995  \\$aPolska Bibliografia Literacka$bPBL 1989-2003: książki i czasopisma

