=LDR  00671nam-a22001694u-4500
=001  pl000000194
=005  20171018
=008  980225s1988----\\\\\\\\\\\\\\\\\\\\pol
=040  \\$aIBL$bpol
=100  1\$aJasienica, Paweł$d(1909-1970)$4aut$1http://viaf.org/viaf/19696978
=245  10$aPamiętnik /$cPaweł Jasienica.
=264  \1$a[b.m.] : $b[b.w.],$c1988
=300  \\$a107 s. [Inf. za: Jadwiga Czachowska, Beata Dorosz: Literatura i krytyka poza cenzurą 1977-1989. Wrocław 1991]
=590  \\$aksiążka twórcy (podmiotowa)
=650  04$aHasła osobowe (literatura polska)
=650  \7$aPolish literature$2ELB-n
=995  \\$aPolska Bibliografia Literacka$bPBL 1989-2003: książki i czasopisma

