=LDR  01338nam-a22002534u-4500
=001  pl000000195
=005  20090131
=008  980225s1988----\\\\\\\\\\\\\\\\\\\\pol
=040  \\$aIBL$bpol
=100  1\$aJasienica, Paweł$d(1909-1970)$4aut$1http://viaf.org/viaf/19696978
=245  10$aPolska anarchia. /$cPaweł Jasienica.
=264  \1$aKraków : $bWydawnictwo Literackie,$c1988
=300  \\$a173 s.
=380  \\$iMajor genre$aLiterature$leng
=381  \\$iMajor genre$aOther$leng
=590  \\$aksiążka twórcy (podmiotowa)
=650  04$aHasła osobowe (literatura polska)
=650  \7$aPolish literature$2ELB-n
=655  \4$aEsej
=856  42$uhttp://libri.ucl.cas.cz/Record/pl000027271$yreviewed by: Szpakowska Małgorzata, [no title], Twórczość, Warszawa 1989, nr 11, s. 105-110$4N
=856  42$uhttp://libri.ucl.cas.cz/Record/pl000030479$yreviewed by: Wojtas Andrzej, [no title], Wieści, Kraków 1989, nr 11, s. 5$4N
=856  42$uhttp://libri.ucl.cas.cz/Record/pl000051699$yreviewed by: Szefler Teresa, [no title], Gazeta Krakowska, Kraków, Nowy Sącz, Tarnów 1989, nr 117, s. 5$4N
=856  42$uhttp://libri.ucl.cas.cz/Record/pl000062086$yreviewed by: Sokolnicki Wojciech, [no title], Chrześcijanin a Współczesność, Wrocław 1989, nr 3, s. 82-83$4N
=995  \\$aPolska Bibliografia Literacka$bPBL 1989-2003: książki i czasopisma

