=LDR  01465nam-a22002294u-4500
=001  pl000000196
=005  20090217
=008  980226s1988----\\\\\\\\\\\\\\\\\\\\rus
=040  \\$aIBL$bpol
=100  1\$aJasieński, Bruno$d(1901-1938)$4aut$1http://viaf.org/viaf/74267964
=245  10$aIzbrannoe /$cBruno Jasieński ; [Il.] A.K. Jackevich. [Układ wierszy:] Valentin Oskockijj
=264  \1$aMoskva : $bPravda,$c1988
=300  \\$a493 s.
=520  2\$aVrode avtobiografii. Pesnyja o golode. Slovo o Jakube Schele. - [Wiersze:] Gorod. Smert' gospodina prem'era. Marsh. Pokhorony Reni. Osen'. Marsh krakovskikh povstancev. Ballada. Marsel'eza. Poslevoennyjj psalom. Prolog k "Futbolu vsekh svjatykh". Ekho o Zheromskom. Zalozhniki. Francuzskim proletarijam. - [Utwory napisane w jęz. ros.:] Prolog k poeme. Pensja robochikh zabotchikh zavodov Shneider - Krezo. Tost. Zheleznye kryshi i okna kvartir... Bal manekenov. Muzhestvo. Nos. Zagavor ravnodushnykh. * [Tł.:] C. Artamov, V. Kornilov, M. Martynov, A. Romm, D. Samojjlov, B. Sluckov, A. Shteinberg.
=590  \\$aksiążka twórcy (podmiotowa)
=650  04$aHasła osobowe (literatura polska)
=650  04$aPrzekłady z literatury polskiej na języki obce, rosyjski
=650  \7$aPolish literature$2ELB-n
=650  \7$aRussian literature$2ELB-n
=700  1\$aJackevich, A.K.$eIlustrator$4ill
=700  1\$aOskockijj, Valentin$eUkład wierszy$4bkd
=995  \\$aPolska Bibliografia Literacka$bPBL 1989-2003: książki i czasopisma

