=LDR  00836nam-a22002174u-4500
=001  pl000000197
=005  20090217
=008  980226s1989----\\\\\\\\\\\\\\\\\\\\\\\
=040  \\$aIBL$bpol
=100  1\$aJasińska, Aniela$d(1919-2006)$4aut$1http://viaf.org/viaf/166364072
=245  10$aHarim mapilim o Siforim /$cAniela Jasińska ; [Tł.] Cabi Ared, Jakob Besor, Beniamin Teno
=264  \1$aTel-Aviv : $bSifrat,$c1989
=300  \\$a186 s.
=590  \\$aksiążka twórcy (podmiotowa)
=650  04$aHasła osobowe (literatura polska)
=650  04$aPrzekłady z literatury polskiej na języki obce, hebrajski
=650  \7$aPolish literature$2ELB-n
=700  1\$aAred, Cabi$eTłumacz$4trl
=700  1\$aBesor, Jakob$eTłumacz$4trl
=700  1\$aTeno, Beniamin$eTłumacz$4trl
=995  \\$aPolska Bibliografia Literacka$bPBL 1989-2003: książki i czasopisma

