=LDR  00897nam-a22002054u-4500
=001  pl000000199
=005  20090131
=008  980226s1988----\\\\\\\\\\\\\\\\\\\\pol
=040  \\$aIBL$bpol
=100  1\$aLisowski, Witold$4aut
=245  10$aJakub Jasiński. (1761-1794) /$cWitold Lisowski ; Główny  Zarząd Polityczny WP [Wojska Polskiego]. Zarząd Propagandy i Agitacji.
=264  \1$aWarszawa : $bWydawnictwo Ministerstwa Obrony Narodowej,$c1988
=300  \\$a60 s., portr.
=490  0\$aPatroni Jednostek Ludowego Wojska Polskiego
=590  \\$aksiążka o twórcy (przedmiotowa)
=600  14$aJasiński, Jakub$d(1761-1794)$1http://viaf.org/viaf/66695965
=650  04$aHasła osobowe (literatura polska)
=650  \7$aPolish literature$2ELB-n
=710  2\$aWydawnictwo Ministerstwa Obrony Narodowej$1http://viaf.org/viaf/156428269
=995  \\$aPolska Bibliografia Literacka$bPBL 1989-2003: książki i czasopisma

