=LDR  01548nam-a22002534u-4500
=001  pl000000200
=005  20090131
=008  980226s1988----\\\\\\\\\\\\\\\\\\\\pol
=040  \\$aIBL$bpol
=100  1\$aJasiński, Jerzy Stefan$4aut
=245  10$aUśmiechnięta twarz morza. /$cJerzy Stefan Jasiński ; Il. Zbigniew Jujka
=264  \1$aGdańsk : $bWydawnictwo Morskie,$c1988
=300  \\$a247 s.
=380  \\$iMajor genre$aLiterature$leng
=381  \\$iMajor genre$aFiction$leng
=520  2\$a[Zawiera opow. z tomów: "Jajko pterodaktyla" i "Wszędzie dobrze, ale w morzu weselej"; oraz:] Opowiadania nowe: Pamiątka po Neptunie. Kopenhaski tatuaż. Złota Rączka. Uśmiechnięci Tajowie. W szponach pasażera. Bloody Mary. Przeklęństwo bosa. Do abordazu. Fotograficy w Mombasa. Poczta butelkowa. Ptasie dylematy. Wtem zapukano do drzwi... Ostatni zakład. Tropikalne obsesje. Skorupy z Alicante. Tajemnica wyspy. Może się przyśnić. Wulkaniczny obwarzanek. Sen nie jawa. Gdy nie potrafisz. Eksperymenty Żarłacza. Tęsknota za śniegiem. Jak poróżnić przyjaciół. Morska dieta-cud. Karnawał w Rio.Prezent dla koka.
=590  \\$aksiążka twórcy (podmiotowa)
=650  04$aHasła osobowe (literatura polska)
=650  \7$aPolish literature$2ELB-n
=655  \4$aOpowiadania
=655  \4$aOpowiadania i nowele
=700  1\$aJujka, Zbigniew$d(1935-2019)$eIlustrator$4ill$1http://viaf.org/viaf/5343146
=710  2\$aWydawnictwo Morskie$1http://viaf.org/viaf/137579596
=995  \\$aPolska Bibliografia Literacka$bPBL 1989-2003: książki i czasopisma

