=LDR  02645nam-a22003014u-4500
=001  pl000000201
=005  20100623
=008  980226s1989----\\\\\\\\\\\\\\\\\\\\pol
=040  \\$aIBL$bpol
=100  1\$aŁapiński, Zdzisław$4aut
=245  10$aJak współżyć z socrealizmem. Szkice nie na temat /$cZdzisław Łapiński.
=264  \1$aLondyn : $bPolonia; \1$aLondyn : $bPolonia Book Fundation,$c1989
=300  \\$a107 s.
=490  0\$a201 ; $vWokół Literatury
=520  2\$a[Zawiera m.in.:] Mochnacki - Norwid [wzajemny stosunek postaw, poglądów, stylów życia i myśli]. "Wszystko, co jest zanadto" [ocena postawy politycznej C. Norwida]. Sens i konieczność [postawa filoz. C. Norwida]. Spotkania autorskie (Miłosz i jego czytelnicy). Oda, gatunek oświecony [w twórcz. Cz. Miłosza]. O "wierszach prostych" (w czasach skomplikowanych) [dot. twórcz. Cz. Miłosza i T. Różewicza]. Jak współżyć z socrealizmem? Nagrobek [J.Trznadel: Hańba domowa. Paryż 1986].
=590  \\$aksiążka w haśle rzeczowym
=650  04$aLiteratura współczesna 1945-1989, ogólne materiały (Literatura współczesna 1945-1989)
=650  04$aOgólne (1945-1989)
=856  42$uhttp://libri.ucl.cas.cz/Record/pl000000221$yreviewed by: Szaruga Leszek, [no title], Puls, Londyn 1988, nr 38, s. 123-127$4N
=856  42$uhttp://libri.ucl.cas.cz/Record/pl000000226$yreviewed by: Waliszewska Marta, [no title], Pogląd, Warszawa-Berlin 1988, nr 11, s. 61$4N
=856  42$uhttp://libri.ucl.cas.cz/Record/pl000037573$yreviewed by: Zieliński Jan, [no title], Res Publica, Warszawa 1989, nr 3, s. 99-100$4N
=856  42$uhttp://libri.ucl.cas.cz/Record/pl000055773$yreviewed by: Baran Marcin, [no title], Znak, Kraków 1989, nr 9, s. 101-106$4N
=856  42$uhttp://libri.ucl.cas.cz/Record/pl000068985$yreviewed by: Zieliński Jan, [no title], Przegląd Polski = Polish Review, Nowy Jork 1989, nr z 7 IX, s. 5, 11$4N
=856  42$uhttp://libri.ucl.cas.cz/Record/pl000077899$yreviewed by: Łukaszczuk Małgorzata, [no title], Akcent, Lublin 1989, nr 4, s. 152-157$4N
=856  42$uhttp://libri.ucl.cas.cz/Record/pl000090262$yreviewed by: Pieczara Marek, Czy Miłosz jest większym poetą od Herberta?, Nowe Książki, Warszawa 1990, nr 12, s. 31-32$4N
=856  42$uhttp://libri.ucl.cas.cz/Record/pl000092428$yreviewed by: [no author], Łagodne oko prezydenta, Twórczość, Warszawa 1990, nr 2, s. 137$4N
=856  42$uhttp://libri.ucl.cas.cz/Record/pl000269084$yreviewed by: Michajłów Adam, Tablica pierwiastków socrealistycznych, Brulion, Kraków 1990, nr 13, s. 191-195$4N
=995  \\$aPolska Bibliografia Literacka$bPBL 1989-2003: książki i czasopisma

