=LDR  01101nam-a22002294u-4500
=001  pl000000202
=005  20090131
=008  980226s1988----\\\\\\\\\\\\\\\\\\\\pol
=040  \\$aIBL$bpol
=100  1\$aJasnota, Zofia$d(1949- )$4aut$1http://viaf.org/viaf/165584180
=245  10$aMały misjonarz. /$cZofia Jasnota ; Il. Danuta Konwicka
=264  \1$aWarszawa : $bVerbinum,$c1988
=300  \\$a31 s.
=380  \\$iMajor genre$aLiterature$leng
=381  \\$iMajor genre$aLyrical poetry$leng
=520  2\$aMój chrzest. Z twojego okna. Pożegnanie misia. Widziałem zdjęcie. Czarna mama. Ześlij pokój. Woda. Nowe działanie. Samoluby. Prośba. Ojcze, poślij księży. Przy polskim opłatku. Dziękujemy wam, misjonarze. Aby nie zabrakło tych, którzy łączą ludzi. Modlitwa. Pożegnanie misjonarzy. Matko Boża. Ojcze Święty.
=590  \\$aksiążka twórcy (podmiotowa)
=650  04$aHasła osobowe (literatura polska)
=650  \7$aPolish literature$2ELB-n
=655  \4$aWiersze
=700  1\$aKonwicka, Danuta$eIlustrator$4ill
=995  \\$aPolska Bibliografia Literacka$bPBL 1989-2003: książki i czasopisma

