=LDR  00780nam-a22002054u-4500
=001  pl000000222
=005  20090217
=008  980226s1988----\\\\\\\\\\\\\\\\\\\\pol
=040  \\$aIBL$bpol
=100  1\$aJasnota, Zofia$d(1949- )$4aut$1http://viaf.org/viaf/165584180
=245  10$aMarysia z II  klasy /$cZofia Jasnota ; Il. Augustyna Marek
=250  \\$a2
=264  \1$aOlsztyn : $bWarmińskie Wydawnictwo Diecezjalne,$c1988
=300  \\$a121 s.
=590  \\$aksiążka twórcy (podmiotowa)
=650  04$aHasła osobowe (literatura polska)
=650  \7$aPolish literature$2ELB-n
=700  1\$aMarek, Augustyna$eIlustrator$4ill
=710  2\$aWarmińskie Wydawnictwo Diecezjalne (Olsztyn)$1http://viaf.org/viaf/296600475
=995  \\$aPolska Bibliografia Literacka$bPBL 1989-2003: książki i czasopisma

