=LDR  00763nam-a22002174u-4500
=001  pl000000223
=005  20090131
=008  980226s1988----\\\\\\\\\\\\\\\\\\\\pol
=040  \\$aIBL$bpol
=100  1\$aJasny, Jadwiga$d(1940- )$4aut$1http://viaf.org/viaf/162635528
=245  10$aSamo się... /$cJadwiga Jasny ; Il. Tomasz Borowski
=250  \\$a3
=264  \1$aWarszawa : $bNasza Księgarnia,$c1988
=300  \\$a24 s.
=490  0\$aPoczytaj Mi, Mamo
=590  \\$aksiążka twórcy (podmiotowa)
=650  04$aHasła osobowe (literatura polska)
=650  \7$aPolish literature$2ELB-n
=700  1\$aBorowski, Tomasz$eIlustrator$4ill
=710  2\$a"Nasza Księgarnia"$1http://viaf.org/viaf/147390924
=995  \\$aPolska Bibliografia Literacka$bPBL 1989-2003: książki i czasopisma

