=LDR  00926nam-a22002054u-4500
=001  pl000000224
=005  20091204
=008  980226s1988----\\\\\\\\\\\\\\\\\\\\pol
=040  \\$aIBL$bpol
=100  1\$aIngarden, Roman$d(1893-1970)$4aut$1http://viaf.org/viaf/108241126
=245  10$aO dziele literackim. Badania z pogranicza ontologii, teorii języka i filozofii literatury /$cRoman Ingarden ; Przekładu dokonała Maria Turowicz
=250  \\$a2
=264  \1$aWarszawa : $bPaństwowe Wydawnictwo Naukowe,$c1988
=300  \\$a494 s.
=490  0\$aDzieła filozoficzne / Roman Ingarden
=590  \\$aksiążka w haśle rzeczowym
=650  04$aMetodologia badań literackich
=700  1\$aTurowicz, Maria$eTłumacz$4trl
=856  42$uhttp://libri.ucl.cas.cz/Record/pl000000230$yreviewed by: [no author], [no title], Nowe Książki, Warszawa 1988, nr 12, s. 38-40$4N
=995  \\$aPolska Bibliografia Literacka$bPBL 1989-2003: książki i czasopisma

