=LDR  01706nam-a22002774u-4500
=001  pl000000225
=005  20090131
=008  980226s1988----\\\\\\\\\\\\\\\\\\\\pol
=040  \\$aIBL$bpol
=100  1\$aJastrun, Tomasz$d(1950- )$4aut$1http://viaf.org/viaf/22158921
=245  10$aW złotej klatce. Notatnik amerykański. /$cTomasz Jastrun.
=264  \1$aWarszawa : $bOficyna Wydawnicza "Pokolenie",$c1988
=300  \\$a87 s.
=380  \\$iMajor genre$aLiterature$leng
=381  \\$iMajor genre$aOther$leng
=520  2\$aNowy Jork po raz pierwszy. Bloomington. Chicago po raz pierwszy. Podróż w podróży. Chicago po raz drugi. Między Bostonem a Waszyngtonem. Odlot.
=590  \\$aksiążka twórcy (podmiotowa)
=650  04$aHasła osobowe (literatura polska)
=650  \7$aPolish literature$2ELB-n
=655  \4$aReportaż
=856  42$uhttp://libri.ucl.cas.cz/Record/pl000000227$yreviewed by: [no author], [no title], PWA. Przegląd Wiadomości Agencyjnych, [Warszawa] 1988, nr 35, s. 6$4N
=856  42$uhttp://libri.ucl.cas.cz/Record/pl000037551$yreviewed by: Berłowski Paweł, [no title], Res Publica, Warszawa 1989, nr 2, s. 128$4N
=856  42$uhttp://libri.ucl.cas.cz/Record/pl000053492$yreviewed by: Kowalczykowa Alina, [no title], Zeszyty Literackie, Paryż 1989, nr 26, s. 143$4N
=856  42$uhttp://libri.ucl.cas.cz/Record/pl000064303$yreviewed by: Bieńkowski Zbigniew, [no title], Tygodnik Kulturalny, Warszawa 1989, nr 47, s. 12$4N
=856  42$uhttp://libri.ucl.cas.cz/Record/pl000342621$yreviewed by: Świłło Jacek, Zwyczajność, smutek, dożywocie..., Za pozwoleniem, Wrocław 1988, nr z XI/XII, s. 35-37$4N
=995  \\$aPolska Bibliografia Literacka$bPBL 1989-2003: książki i czasopisma

