=LDR  02643nam-a22002414u-4500
=001  pl000000228
=005  20090131
=008  980226s1988----\\\\\\\\\\\\\\\\\\\\pol
=040  \\$aIBL$bpol
=100  1\$aJastrun, Tomasz$d(1950- )$4aut$1http://viaf.org/viaf/22158921
=245  10$aWęzeł polski. Wiersze stare i nowe /$cTomasz Jastrun.
=264  \1$aKraków : $bZnak,$c1988
=300  \\$a107 s.
=520  2\$aWęzeł polski. Namiestnik. Nowy tomik. Moja poezja. Rok 1864. Lekcja historii narodowej. Na skrzyżowaniu. Odwrót. O zamkniętych oczach. Pokolenia. W kolejce. Głód. Pod bramą nr 2. Jeszcze jedna delegacja. Hotel w sierpniu. Kolejka. Wieża. Więzień. Front. Płacz. Powrót na wyspę. Egzekucja. Pokój. Pierwsze spojrzenie. Królik. Tajne spotkanie z synem. Widzenie. Łańcuch. Exodus. Mleko. W oknach. Ostatni atak husarii. Rozkład. Dym. Perz. Koniec krótkiej wojny. Larwa. Awaria. Sprawiedliwość. Niepewność. Muszle. Na krzyżu. Westchnienie. Lekcje religii z księdzem Twardowskim. Po raz trzeci. Ziarenko. Wędrówka. Ucieczka. Wielka emigracja. U poety Z. Który zaraz potem wyjechał. Garb. Błyski. Dzieci. Rachunki. 57 ulica. Spotkanie. Cmentarze. W książkach. Droga. Mickiewicz. Norwid. Stary cmentarz w Montmorency. Zapomnienie. Ogień i popiół. Wewnątrz. Nad brzegiem. Spóźniona. Obraza. Na kolejne urodziny. Pocałunki. Niekochana. Wyjście z domu. Brwi. Granica. Przed snem. Nienasycenie. Kropla. Przed nami. Mieszkanie z oknem. Dąb. Kobieta i kwiaty. Stary chłop. Uścisk. Stary poeta nasłuchuje. Żałoba. Nic. Pałac w Oborach. Światła. Skrawki. Nieszczęście. Zawiść. Róża. Odłamki. Rozpad. Pod ścianą. Ta podróż nigdy się nie kończy.
=590  \\$aksiążka twórcy (podmiotowa)
=650  04$aHasła osobowe (literatura polska)
=650  \7$aPolish literature$2ELB-n
=856  42$uhttp://libri.ucl.cas.cz/Record/pl000028302$yreviewed by: Leszczyński Grzegorz, [no title], Nowe Książki, Warszawa 1989, nr 12, s. 72$4N
=856  42$uhttp://libri.ucl.cas.cz/Record/pl000030708$yreviewed by: Łukasiewicz Jacek, Budowanie gniazda, Odra, Wrocław 1989, nr 9, s. 97-98$4N
=856  42$uhttp://libri.ucl.cas.cz/Record/pl000045057$yreviewed by: Marx Jan, [no title], Kultura, Warszawa 1989, nr 18, s. 15$4N
=856  42$uhttp://libri.ucl.cas.cz/Record/pl000093345$yreviewed by: Cielesz Piotr, Powaga, Twórczość, Warszawa 1990, nr 5, s. 102-103$4N
=856  42$uhttp://libri.ucl.cas.cz/Record/pl000107459$yreviewed by: Szymańska Adriana, Współ-czucie, Przegląd Powszechny, Warszawa 1990, nr 1, s. 149-151$4N
=995  \\$aPolska Bibliografia Literacka$bPBL 1989-2003: książki i czasopisma

