=LDR  01157nam-a22002174u-4500
=001  pl000000233
=005  20090213
=008  980226s1988----\\\\\\\\\\\\\\\\\\\\pol
=040  \\$aIBL$bpol
=100  1\$aLem, Stanisław$d(1921-2006)$4aut$1http://viaf.org/viaf/56612733
=245  10$aFilozofia przypadku. Literatura w świetle empirii$n1-2 /$cStanisław Lem.
=250  \\$a3 zm.
=264  \1$aKraków : $bWydawnictwo Literackie,$c1988
=300  \\$a350 s., 430 s.
=490  0\$aDzieła / Lem Stanisław
=590  \\$aksiążka w haśle rzeczowym
=650  04$aTeoria literatury. Ogólne
=856  42$uhttp://libri.ucl.cas.cz/Record/pl000076385$yreviewed by: [no author], [no title], Świat Książki, Warszawa 1989, nr 1, s. 21$4N
=856  42$uhttp://libri.ucl.cas.cz/Record/pl000088908$yreviewed by: Termer Janusz, Zawiść i miłość, czyli Stanisław Lem o "Imieniu róży" Umberto Eco, Nowe Książki, Warszawa 1990, nr 4, s. 34-35$4N
=856  42$uhttp://libri.ucl.cas.cz/Record/pl000101622$yreviewed by: [no author], Algorytm arcydzieła, Nowa Fantastyka, Warszawa 1990, nr 3, s. 61$4N
=995  \\$aPolska Bibliografia Literacka$bPBL 1989-2003: książki i czasopisma

