=LDR  01348nam-a22002654u-4500
=001  pl000000234
=005  20090210
=008  980226s1988----\\\\\\\\\\\\\\\\\\\\pol
=040  \\$aIBL$bpol
=100  1\$aOlszański, Tadeusz$d(1929- )$4aut$1http://viaf.org/viaf/12471826
=245  10$aJeśli nie wygram, umrę! /$cTadeusz Olszański.
=264  \1$aWarszawa : $bIskry,$c1988
=300  \\$a238 s.
=380  \\$iMajor genre$aLiterature$leng
=381  \\$iMajor genre$aOther$leng
=490  0\$aOko w Oko z Życiem
=590  \\$aksiążka twórcy (podmiotowa)
=650  04$aHasła osobowe (literatura polska)
=650  \7$aPolish literature$2ELB-n
=655  \4$aReportaż
=856  42$uhttp://libri.ucl.cas.cz/Record/pl000039461$yreviewed by: Guzowski K., [no title], Rzeczpospolita, Warszawa 1989, nr 221, s. 6$4N
=856  42$uhttp://libri.ucl.cas.cz/Record/pl000067812$yreviewed by: Cieśliński Janusz, [no title], Życie Warszawy, Warszawa 1989, nr 44, s. 4$4N
=856  42$uhttp://libri.ucl.cas.cz/Record/pl000075980$yreviewed by: Tomaszkiewicz Jerzy, [no title], Dziennik Pojezierza, Olsztyn 1989, nr 45, s. 11$4N
=856  42$uhttp://libri.ucl.cas.cz/Record/pl000088786$yreviewed by: Jędrzejewski Marek, Si no gano, muero!, Nowe Książki, Warszawa 1990, nr 1, s. 90-91$4N
=995  \\$aPolska Bibliografia Literacka$bPBL 1989-2003: książki i czasopisma

