=LDR  00799nam-a22002174u-4500
=001  pl000000235
=005  20071126
=008  980226s1988----\\\\\\\\\\\\\\\\\\\\pol
=040  \\$aIBL$bpol
=100  1\$aOlszański, Tadeusz$d(1929- )$4aut$1http://viaf.org/viaf/12471826
=245  10$aSynowie Arpada. /$cTadeusz Olszański.
=264  \1$aWarszawa : $bMłodzieżowa Agencja Wydawnicza,$c1988
=300  \\$a204 s., tabl.
=380  \\$iMajor genre$aLiterature$leng
=381  \\$iMajor genre$aOther$leng
=590  \\$aksiążka twórcy (podmiotowa)
=650  04$aHasła osobowe (literatura polska)
=650  \7$aPolish literature$2ELB-n
=655  \4$aReportaż
=710  2\$aMłodzieżowa Agencja Wydawnicza$1http://viaf.org/viaf/155732670
=995  \\$aPolska Bibliografia Literacka$bPBL 1989-2003: książki i czasopisma

