=LDR  00820nam-a22001934u-4500
=001  pl000000236
=005  20090213
=008  980226s1988----\\\\\\\\\\\\\\\\\\\\ger
=040  \\$aIBL$bpol
=100  1\$aLem, Stanisław$d(1921-2006)$4aut$1http://viaf.org/viaf/56612733
=245  10$aPhilosophie des Zufalls. Zu einer empirischen Theorie der Literatur /$cStanisław Lem ; [Tł.] Friedrich Griese. [Posł.] Herbert Hoerz
=264  \1$aBerlin : $bVolk und Welt,$c1988
=590  \\$aksiążka w haśle rzeczowym
=650  04$aPrzekłady z literatury polskiej na języki obce, niemiecki
=650  04$aTeoria literatury. Ogólne
=650  \7$aPolish literature$2ELB-n
=700  1\$aGriese, Friedrich$eTłumacz$4trl
=700  1\$aHoerz, Herbert$eAutor posłowia$4aft
=995  \\$aPolska Bibliografia Literacka$bPBL 1989-2003: książki i czasopisma

