=LDR  01157nam-a22002534u-4500
=001  pl000000238
=005  19980226
=008  980226s1988----\\\\\\\\\\\\\\\\\\\\pol
=040  \\$aIBL$bpol
=100  1\$aOpala, Renata$4aut$1http://viaf.org/viaf/102053352
=245  10$aSłonecznikowa dziewczynka. /$cRenata Opala ; Ilustrator:Orlińska Wanda
=264  \1$aPoznań : $bWydawnictwo Poznańskie,$c1988
=300  \\$a81 s., nuty
=380  \\$iMajor genre$aLiterature$leng
=381  \\$iMajor genre$aFiction$leng
=590  \\$aksiążka twórcy (podmiotowa)
=650  04$aHasła osobowe (literatura polska)
=650  \7$aPolish literature$2ELB-n
=655  \4$aPowieść
=700  1\$aOrlińska, Wanda$eIlustrator$4ill
=710  2\$aWydawnictwo Poznańskiego$1http://viaf.org/viaf/142096792
=856  42$uhttp://libri.ucl.cas.cz/Record/pl000000240$yreviewed by: Tessarowicz Iwona, [no title], Świat Książki, Warszawa 1988, nr 4, s. 30-31$4N
=856  42$uhttp://libri.ucl.cas.cz/Record/pl000028043$yreviewed by: Beszczyńska Zofia, [no title], Nowe Książki, Warszawa 1989, nr 8, s. 43$4N
=995  \\$aPolska Bibliografia Literacka$bPBL 1989-2003: książki i czasopisma

