=LDR  00878nam-a22002054u-4500
=001  pl000000241
=005  20090217
=008  980226s1988----\\\\\\\\\\\\\\\\\\\\pol
=040  \\$aIBL$bpol
=100  1\$aJastrzębiec-Kozłowski, Andrzej$d(1935-2009)$4aut$1http://viaf.org/viaf/21143514
=245  10$aWszystko jest blisko /$cAndrzej Jastrzębiec-Kozłowski ; [Muz.:] Marek Sewen
=264  \1$aWarszawa : $bWydawnictwo Muzyczne Agencji Autorskiej,$c1988
=300  \\$a[20] s.
=490  0\$aUtwory Taneczne i Piosenki dla Zespołów Orkiestrowych i Tanecznych
=590  \\$aksiążka twórcy (podmiotowa)
=650  04$aHasła osobowe (literatura polska)
=650  \7$aPolish literature$2ELB-n
=700  1\$aSewen, Marek$eMuzyka$4cmp
=710  2\$aWydawnictwo Muzyczne Agencji Autorskiej$1http://viaf.org/viaf/311353881
=995  \\$aPolska Bibliografia Literacka$bPBL 1989-2003: książki i czasopisma

