=LDR  01017nam-a22001574u-4500
=001  pl000000242
=005  20120530
=008  980226s1988----\\\\\\\\\\\\\\\\\\\\\\\
=040  \\$aIBL$bpol
=245  10$aLiterary Studies in Poland. Etudes Litteraires en Pologne. T. 20: Problems of the Theory of Literature$n20 /$c[no author] ; Polska Akademia Nauk. Instytut Badań Literackich.
=264  \1$aWrocław : $bZakład Narodowy im. Ossolińskich,$c1988
=300  \\$a119 s.
=520  2\$a[Zawiera:] Henryk Markiewicz: Les Dilemmes de l'historien de la literatuture. Tł. Hubert Krzyżanowski. - Janusz Sławiński: La Critique litterraire consideree comme un objet d'etude d'histoire litteraire. Tł. Elisabeth Destree-Van Wilder. - Teresa Dobrzyńska: Metaphor and its cultural background. Tł. Zygmunt Nierada. - Edward Balcerzan: Metaphor and interpretation. Tł. Zygmunt Nierada.
=590  \\$aksiążka w haśle rzeczowym
=650  04$aTeoria literatury. Ogólne
=995  \\$aPolska Bibliografia Literacka$bPBL 1989-2003: książki i czasopisma

