=LDR  01934nam-a22003014u-4500
=001  pl000000243
=005  19980226
=008  980226s1988----\\\\\\\\\\\\\\\\\\\\pol
=040  \\$aIBL$bpol
=100  1\$aOpoka, Teresa Ewa$d(1948- )$4aut$1http://viaf.org/viaf/73168720
=245  10$aMiłość nad życie. /$cTeresa Ewa Opoka.
=264  \1$aŁódź : $bWydawnictwo Łódzkie,$c1988
=380  \\$iMajor genre$aLiterature$leng
=381  \\$iMajor genre$aFiction$leng
=520  2\$aStara fotografia w ruchu. Odwiedziny. Między świtem a zmierzchem. Nóż. Statek. Wieczór w obcym mieście. Podglądanie wzrastającej trawy. Szaleństwo Zofii. Podróż. Poletko czterolistnej koniczyny. Powrót. Miłość nad życie.
=590  \\$aksiążka twórcy (podmiotowa)
=650  04$aHasła osobowe (literatura polska)
=650  \7$aPolish literature$2ELB-n
=655  \4$aOpowiadania
=655  \4$aOpowiadania i nowele
=710  2\$aWydawnictwo Łódzkie$1http://viaf.org/viaf/265924884
=856  42$uhttp://libri.ucl.cas.cz/Record/pl000028238$yreviewed by: Umiński Zdzisław, [no title], Nowe Książki, Warszawa 1989, nr 8, s. 14-15$4N
=856  42$uhttp://libri.ucl.cas.cz/Record/pl000037013$yreviewed by: Sowiński Krzysztof, Mit niedokonany, Przemiany, Kielce, Radom 1989, nr 6, s. 14$4N
=856  42$uhttp://libri.ucl.cas.cz/Record/pl000041304$yreviewed by: Brudnicki Jan Zdzisław, [no title], Zarzewie, Warszawa 1989, nr 10, s. 12$4N
=856  42$uhttp://libri.ucl.cas.cz/Record/pl000042442$yreviewed by: Mołda Jan, [no title], Literacki Głos Nauczycielski, Warszawa 1989, nr 1, s. 4$4N
=856  42$uhttp://libri.ucl.cas.cz/Record/pl000049931$yreviewed by: [no author], [no title], Trybuna Ludu, Warszawa 1989, 66, 7$4N
=856  42$uhttp://libri.ucl.cas.cz/Record/pl000055209$yreviewed by: [no author], [no title], Echo Dnia, Kielce 1989, nr 60, s. 5$4N
=995  \\$aPolska Bibliografia Literacka$bPBL 1989-2003: książki i czasopisma

