=LDR  00686nam-a22001814u-4500
=001  pl000000245
=005  20140320
=008  980226s1988----\\\\\\\\\\\\\\\\\\\\\\\
=040  \\$aIBL$bpol
=100  1\$aMarkiewicz, Henryk$d(1922-2013)$4aut$1http://viaf.org/viaf/24617736
=245  10$aConceptele stiintei literaturii /$cHenryk Markiewicz ; [Tł.] Geambasu Constantin. [Wstęp] Pop Mihai
=264  \1$aBucuresti : $bEd. Univers,$c1988
=300  \\$a494 s.
=590  \\$aksiążka w haśle rzeczowym
=650  04$aTeoria literatury. Ogólne
=700  1\$aGeambasu, Constantin$eTłumacz$4trl
=700  1\$aPop, Mihai$eWstęp$4aui
=995  \\$aPolska Bibliografia Literacka$bPBL 1989-2003: książki i czasopisma

