=LDR  00726nam-a22001934u-4500
=001  pl000000246
=005  19980226
=008  980226s1988----\\\\\\\\\\\\\\\\\\\\pol
=040  \\$aIBL$bpol
=100  1\$aOppman, Artur$d(1867-1931)$4aut$1http://viaf.org/viaf/47672943
=245  10$aPan Twardowski /$cArtur Oppman ; Ilustrator:Flisak Jerzy
=264  \1$aWarszawa : $bNasza Księgarnia,$c1988
=490  0\$aPoczytaj Mi  Mamo
=590  \\$aksiążka twórcy (podmiotowa)
=650  04$aHasła osobowe (literatura polska)
=650  \7$aPolish literature$2ELB-n
=700  1\$aFlisak, Jerzy$eIlustrator$4ill
=710  2\$a"Nasza Księgarnia"$1http://viaf.org/viaf/147390924
=995  \\$aPolska Bibliografia Literacka$bPBL 1989-2003: książki i czasopisma

