=LDR  00741nam-a22001934u-4500
=001  pl000000247
=005  19980226
=008  980226s1988----\\\\\\\\\\\\\\\\\\\\pol
=040  \\$aIBL$bpol
=100  1\$aOppman, Artur$d(1867-1931)$4aut$1http://viaf.org/viaf/47672943
=245  10$aZłota kaczka /$cArtur Oppman ; Ilustrator:Darowska Zofia
=250  \\$a2
=264  \1$aWarszawa : $bKrajowa Agencja Wydawnicza,$c1988
=590  \\$aksiążka twórcy (podmiotowa)
=650  04$aHasła osobowe (literatura polska)
=650  \7$aPolish literature$2ELB-n
=700  1\$aDarowska, Zofia$eIlustrator$4ill
=710  2\$aKrajowa Agencja Wydawnicza$1http://viaf.org/viaf/113151776812418012159
=995  \\$aPolska Bibliografia Literacka$bPBL 1989-2003: książki i czasopisma

