=LDR  00804nam-a22002174u-4500
=001  pl000000248
=005  20090217
=008  980226s1988----\\\\\\\\\\\\\\\\\\\\pol
=040  \\$aIBL$bpol
=100  1\$aJastrzębski, Stanisław$4aut
=245  10$aPełnia dojrzewania. /$cStanisław Jastrzębski.
=264  \1$aSiedlce : $b[b.w.],$c1988
=300  \\$a[24] s.
=380  \\$iMajor genre$aLiterature$leng
=381  \\$iMajor genre$aLyrical poetry$leng
=590  \\$aksiążka twórcy (podmiotowa)
=650  04$aHasła osobowe (literatura polska)
=650  \7$aPolish literature$2ELB-n
=655  \4$aWiersze
=856  42$uhttp://libri.ucl.cas.cz/Record/pl000000250$yreviewed by: [no author], [no title], Wybór, [Warszawa] 1988, nr 20, s. 2$4N
=995  \\$aPolska Bibliografia Literacka$bPBL 1989-2003: książki i czasopisma

