=LDR  01091nam-a22002414u-4500
=001  pl000000249
=005  19980226
=008  980226s1988----\\\\\\\\\\\\\\\\\\\\pol
=040  \\$aIBL$bpol
=100  1\$aOramus, Wiesława$d(1953- )$4aut$1http://viaf.org/viaf/102053029
=245  10$aNatalia. /$cWiesława Oramus.
=264  \1$aWarszawa : $bMłodzieżowa Agencja Wydawnicza,$c1988
=380  \\$iMajor genre$aLiterature$leng
=381  \\$iMajor genre$aFiction$leng
=490  0\$a249 ; $vPortrety
=590  \\$aksiążka twórcy (podmiotowa)
=650  04$aHasła osobowe (literatura polska)
=650  \7$aPolish literature$2ELB-n
=655  \4$aPowieść
=710  2\$aMłodzieżowa Agencja Wydawnicza$1http://viaf.org/viaf/155732670
=856  42$uhttp://libri.ucl.cas.cz/Record/pl000027628$yreviewed by: Zaleska Elżbieta, [no title], Nowe Książki, Warszawa 1989, nr 3, s. 52-53$4N
=856  42$uhttp://libri.ucl.cas.cz/Record/pl000063064$yreviewed by: Krakowiak Elżbieta, [no title], Motywy, Warszawa 1989, nr 21, s. 8$4N
=995  \\$aPolska Bibliografia Literacka$bPBL 1989-2003: książki i czasopisma

