=LDR  00657nam-a22002054u-4500
=001  pl000000251
=005  20090131
=008  980226s1988----\\\\\\\\\\\\\\\\\\\\pol
=040  \\$aIBL$bpol
=100  1\$aJastrzębski, Stanisław$4aut
=245  10$aTylko róża... /$cStanisław Jastrzębski.
=264  \1$aSiedlce : $bG.P.,$c1988
=300  \\$a22 s.
=380  \\$iMajor genre$aLiterature$leng
=381  \\$iMajor genre$aLyrical poetry$leng
=590  \\$aksiążka twórcy (podmiotowa)
=650  04$aHasła osobowe (literatura polska)
=650  \7$aPolish literature$2ELB-n
=655  \4$aWiersze
=995  \\$aPolska Bibliografia Literacka$bPBL 1989-2003: książki i czasopisma

