=LDR  01579nam-a22002414u-4500
=001  pl000000252
=005  19980226
=008  980226s1988----\\\\\\\\\\\\\\\\\\\\pol
=040  \\$aIBL$bpol
=100  1\$aOrkan, Władysław$d(1875-1930)$4aut$1http://viaf.org/viaf/9890008
=245  10$aDialog serdeczny. Korespondencja Władysława  Orkana i Katarzyny Smreczyńskiej /$cWładysław Orkan.
=264  \1$aWarszawa : $bLudowa Spółdzielnia Wydawnicza,$c1988
=520  2\$a[Listy do matki - K. Smreczyńskiej (133 z 1892-1927). - Korespondencja [Listy do W.O.:] K. Smreczyńska (46 z 1894-1930)].
=590  \\$aksiążka twórcy (podmiotowa)
=650  04$aHasła osobowe (literatura polska)
=650  \7$aPolish literature$2ELB-n
=700  1\$aZiejka, Franciszek$d(1940-2020)$enan$1http://viaf.org/viaf/32015774
=710  2\$aLudowa Spółdzielnia Wydawnicza$1http://viaf.org/viaf/130579677
=856  42$uhttp://libri.ucl.cas.cz/Record/pl000026824$yreviewed by: Lichański Jakub Zdzisław, Władysław Orkan jakiego nie znamy, Nowe Książki, Warszawa 1989, nr 5, s. 18-19$4N
=856  42$uhttp://libri.ucl.cas.cz/Record/pl000034716$yreviewed by: Kantor Ryszard, [no title], Katolik, Katowice 1989, nr 7, s. 9$4N
=856  42$uhttp://libri.ucl.cas.cz/Record/pl000042871$yreviewed by: Janusewicz Ludmiła, [no title], Pobrzeże, Koszalin 1989, nr 10, s. 19$4N
=856  42$uhttp://libri.ucl.cas.cz/Record/pl000101848$yreviewed by: Kantor Ryszard, [no title], Lud, Wrocław, Poznań 1990, t. 73 (1989), s. 247-249$4N
=995  \\$aPolska Bibliografia Literacka$bPBL 1989-2003: książki i czasopisma

