=LDR  00901nam-a22002174u-4500
=001  pl000000253
=005  20090131
=008  980226s1988----\\\\\\\\\\\\\\\\\\\\pol
=040  \\$aIBL$bpol
=100  1\$aJaworczakowa, Mira$d(1917-2009)$4aut$1http://viaf.org/viaf/118572696
=245  10$aJacek, Wacek i Pankracek /$cMira Jaworczakowa ; Il. Mieczysław Kwacz
=250  \\$a13
=264  \1$aWarszawa : $bNasza Księgarnia,$c1988
=300  \\$a85 s.
=590  \\$aksiążka twórcy (podmiotowa)
=650  04$aHasła osobowe (literatura polska)
=650  \7$aPolish literature$2ELB-n
=700  1\$aKwacz, Mieczysław$eIlustrator$4ill
=710  2\$a"Nasza Księgarnia"$1http://viaf.org/viaf/147390924
=856  42$uhttp://libri.ucl.cas.cz/Record/pl000070164$yreviewed by: Karwat Krzysztof, [no title], Tak i nie, Katowice 1989, nr 51, s. 5$4N
=995  \\$aPolska Bibliografia Literacka$bPBL 1989-2003: książki i czasopisma

