=LDR  00768nam-a22002054u-4500
=001  pl000000255
=005  20090131
=008  980226s1988----\\\\\\\\\\\\\\\\\\\\pol
=040  \\$aIBL$bpol
=100  1\$aJegor, Ryszard$4aut
=245  10$aZemsta księcia /$cRyszard Jegor.
=250  \\$a2
=264  \1$aLublin : $bWydawnictwo Lubelskie,$c1988
=300  \\$a399 s.
=520  2\$a[Wyd. 1. pod tyt.: Powieść historyczna z czasów panowania Zygmunta III Wazy; stanowi cz. 2 trylogii; 3 pt. "Prawem kaduka'].
=590  \\$aksiążka twórcy (podmiotowa)
=650  04$aHasła osobowe (literatura polska)
=650  \7$aPolish literature$2ELB-n
=710  2\$aWydawnictwo Lubelskie$1http://viaf.org/viaf/268580671
=995  \\$aPolska Bibliografia Literacka$bPBL 1989-2003: książki i czasopisma

