=LDR  00690nam-a22001934u-4500
=001  pl000000257
=005  20090131
=008  980226s1988----\\\\\\\\\\\\\\\\\\\\pol
=040  \\$aIBL$bpol
=100  1\$aJeleński, Szczepan$d(1881-1949)$4aut$1http://viaf.org/viaf/41692032
=245  10$aPłomienne serca. Opowieści ewangeliczne /$cSzczepan Jeleński.
=250  \\$a1 powojenne
=264  \1$aWarszawa : $bPelikan,$c1988
=300  \\$a242, [6] s., mapy.
=490  0\$aBiblia w Literaturze Pięknej
=590  \\$aksiążka twórcy (podmiotowa)
=650  04$aHasła osobowe (literatura polska)
=650  \7$aPolish literature$2ELB-n
=995  \\$aPolska Bibliografia Literacka$bPBL 1989-2003: książki i czasopisma

