=LDR  00846nam-a22001814u-4500
=001  pl000000258
=005  20030407
=008  980226s1988----\\\\\\\\\\\\\\\\\\\\pol
=040  \\$aIBL$bpol
=100  1\$aOrkan, Władysław$d(1875-1930)$4aut$1http://viaf.org/viaf/9890008
=245  10$aMyśli /$cWładysław Orkan ; Autor wyboru: Mieczysław Kozłowski
=264  \1$aZakopane : $bOficyna Wydawnicza Związku Podhalan; \1$aNowy Sącz : $bSądecka Oficyna Wydawnicza,$c1988
=590  \\$aksiążka twórcy (podmiotowa)
=650  04$aHasła osobowe (literatura polska)
=650  \7$aPolish literature$2ELB-n
=700  1\$aKozłowski, Mieczysław$d(1948- )$eAutor wyboru$4com$1http://viaf.org/viaf/101880066
=710  2\$aSądecka Oficyna Wydawnicza$1http://viaf.org/viaf/73145857796123020398
=995  \\$aPolska Bibliografia Literacka$bPBL 1989-2003: książki i czasopisma

