=LDR  01018nam-a22002414u-4500
=001  pl000000259
=005  20090131
=008  980226s1988----\\\\\\\\\\\\\\\\\\\\pol
=040  \\$aIBL$bpol
=100  1\$aJeleński, Szczepan$d(1881-1949)$4aut$1http://viaf.org/viaf/41692032
=245  10$aŚladami Pitagorasa. Rozrywki matematyczne /$cSzczepan Jeleński ; Il. Juliusz Krajewski. Oprac. Emilia Jeleńska. Red. A.M. Rusiecki
=250  \\$a8
=264  \1$aWarszawa : $bWydawnictwa Szkolne i Pedagogiczne,$c1988
=300  \\$a295 s.
=490  0\$a259 ; $vRozrywki matematyczne / Szczepan Jeleński
=590  \\$aksiążka twórcy (podmiotowa)
=650  04$aHasła osobowe (literatura polska)
=650  \7$aPolish literature$2ELB-n
=700  1\$aJeleńska, Emilia$eOpracowanie$4edt
=700  1\$aKrajewski, Juliusz$eIlustrator$4ill
=700  1\$aRusiecki, A.M.$eRedakcja$4edt
=710  2\$aWydawnictwa Szkolne i Pedagogiczne$1http://viaf.org/viaf/127849922
=995  \\$aPolska Bibliografia Literacka$bPBL 1989-2003: książki i czasopisma

