=LDR  00758nam-a22001934u-4500
=001  pl000000260
=005  19980226
=008  980226s1988----\\\\\\\\\\\\\\\\\\\\pol
=040  \\$aIBL$bpol
=100  1\$aOrłoń, Marian$d(1932-1990)$4aut$1http://viaf.org/viaf/61963309
=245  10$aKartki z ostatniej ławki /$cMarian Orłoń ; Ilustrator:Orłowska-Gabryś Maria
=250  \\$a2
=264  \1$aPoznań : $bWydawnictwo Poznańskie,$c1988
=590  \\$aksiążka twórcy (podmiotowa)
=650  04$aHasła osobowe (literatura polska)
=650  \7$aPolish literature$2ELB-n
=700  1\$aOrłowska-Gabryś, Maria$eIlustrator$4ill
=710  2\$aWydawnictwo Poznańskiego$1http://viaf.org/viaf/142096792
=995  \\$aPolska Bibliografia Literacka$bPBL 1989-2003: książki i czasopisma

