=LDR  00828nam-a22001934u-4500
=001  pl000000261
=005  20090217
=008  980226s1988----\\\\\\\\\\\\\\\\\\\\pol
=040  \\$aIBL$bpol
=100  1\$aOrłoń, Marian$d(1932-1990)$4aut$1http://viaf.org/viaf/61963309
=245  10$aLegendy i podania polskie /$cJan Tyszkiewicz, Marian Orłoń ; Rysunki Roman Szałas
=264  \1$aWarszawa : $bWydawnictwo Polskiego Towarzystwa Turystyczno-Krajoznawczego,$c1988
=300  \\$a191 s.
=590  \\$aksiążka twórcy (podmiotowa)
=650  04$aHasła osobowe (literatura polska)
=650  \7$aPolish literature$2ELB-n
=700  1\$aSzałas, Roman$eRysunki$4ill
=710  2\$aWydawnictwo Polskiego Towarzystwa Turystyczno- Krajoznawczego$1http://viaf.org/viaf/311804187
=995  \\$aPolska Bibliografia Literacka$bPBL 1989-2003: książki i czasopisma

