=LDR  02403nam-a22001694u-4500
=001  pl000000262
=005  20130214
=008  980226s1988----\\\\\\\\\\\\\\\\\\\\\\\
=040  \\$aIBL$bpol
=245  10$aProblemy teorii literatury. Seria 3. Prace z lat 1975-1984 /$c[no author] ; Wyboru prac dokonał Henryk Markiewicz
=264  \1$aWrocław : $bZakład Narodowy im. Ossolińskich,$c1988
=300  \\$a543 s.
=520  2\$aHenryk Markiewicz: [Od redakcji]. - Maria Renata Mayenowa: Pojęcie języka poetyckiego i pojęcie stylu. - Stanisław Balbus: Problemy segmentacji tekstu prozatorskiego. - Czesław Zgorzelski: Elementy "muzyczności" w poezji lirycznej. - Lucylla Pszczołowska: Semantyka form wierszowych. - Teresa Dobrzyńska: Metafora a spójność tekstu. - Aleksandra Okopień-Sławińska: Metafora bez granic. - Janina Abramowska: Topos i niktóre miejsca wspólne badań literackich. - Janusz Sławiński: O opisie. - Jan Trzynadlowski: Semiotyka powieści. - [Id.]: Powieść jako fakt literacki. - Anna Martuszewska: Problem tzw. interferencji elementów rzeczywistości przedstawionej dzieła literackiego. - Marian Płachecki: Z zagadnień poetyki powieści realistycznej: dystans narracyjny - bohater - zdarzenie. - Kazimierz Bartoszyński: Konwencje gatunkowe powieści historycznej. - Jan Błoński: Dramat i przestrzeń. - Ryszard Nycz: Współczesne sylwy wobec literackości. - Jerzy Pelc: Poetyka a semiotyka logiczna. - Jerzy Ziomek: Prawda jako problem poetyki. - Eugeniusz Czaplejewicz: Literatura jako ideologia. - Stefan Sawicki: Sacrum w literaturze. - Jan Józef Lipski: Osobowość twórcza. - Stefan Żółkiewski: Pomysły do teorii produkcji literackiej. - Michał Głowiński: Świadectwa i style odbioru. - Ryszard Handke: Dialektyka komunikacji literackiej. - Janusz Lalewicz: Proces i aparat komunikacji lierackiej. - Krzysztof Dmitruk: Aktualne problemy nad życiem literackim. - Krzysztof Dybciak: Istota i struktura krytyki literackiej. - Edward Balcerzan: Interpretacja jako "próba całości". - Stefania Skwarczyńska: Wokół relacji: przedmiot badań literackich a ich metodologia (Prof. Dr. Bogdanowi Suchodolskiemu).
=590  \\$aksiążka w haśle rzeczowym
=650  04$aTeoria literatury. Ogólne
=700  1\$aMarkiewicz, Henryk$d(1922-2013)$eAutor wyboru$4com$1http://viaf.org/viaf/24617736
=995  \\$aPolska Bibliografia Literacka$bPBL 1989-2003: książki i czasopisma

