=LDR  00589nam-a22001694u-4500
=001  pl000000263
=005  20090130
=008  980226s1988----\\\\\\\\\\\\\\\\\\\\pol
=040  \\$aIBL$bpol
=100  1\$aJelonek, Władysław$4aut$1http://viaf.org/viaf/166575946
=245  10$aTalaiporos. Dramat-mysterium w 3 aktach /$cWładysław Jelonek.
=264  \1$aLondon : $bVeritas,$c1988
=300  \\$a25 s.
=590  \\$aksiążka twórcy (podmiotowa)
=650  04$aHasła osobowe (literatura polska)
=650  \7$aPolish literature$2ELB-n
=995  \\$aPolska Bibliografia Literacka$bPBL 1989-2003: książki i czasopisma

