=LDR  02147nam-a22002654u-4500
=001  pl000000264
=005  20090130
=008  980226s1988----\\\\\\\\\\\\\\\\\\\\pol
=040  \\$aIBL$bpol
=100  1\$aJerzyna, Zbigniew$d(1938-2010)$4aut$1http://viaf.org/viaf/101717405
=245  10$aMoment przesilenia. /$cZbigniew Jerzyna.
=264  \1$aŁódź : $bWydawnictwo Łódzkie,$c1988
=300  \\$a85 s.
=380  \\$iMajor genre$aLiterature$leng
=381  \\$iMajor genre$aLyrical poetry$leng
=490  0\$aBiblioteka Poetycka
=520  2\$aI: Wczoraj nagle szklanka... To nie żart... Konfesjonał choroby. Śmierć nie jest... Dom. Upomnienie we śnie. Boże, przez jakie mroki. Modlitwa nocy bezsennej. Wszystkie krople pogardy... Ja, który biegłem... Co będzie jutro... Mój naród nie... Sen. Jeśli się prawdy... Wyprowadź umysł mój... Kożmian. Pomiędzy nami zbawcza... Chciałem żyć poza... Lecz nie będzie nam łatwo. Bracie - jest noc... Terroryści. Umrę za ciebie. Warszawskie cmentarze. Z pamiętnika. Ci, zbyt młodo umarli. Gwiżdżący Dan. To dziecko. Modlitwa. - II: Kolęda 1974. Kolęda 1975. Kolęda 1976. Kolęda 1977. Kolęda 1978. Kolęda 1979. Kolęda 1980. Kolęda 1981. Kolęda 1982 (Małgorzacie Gąsiorowskiej). Kolęda 1983. Kolęda 1984. - III: Pisane ołówkiem (1-65). - IV: Portret artysty. Wybrańcy bogów. Karol Szymanowski. Szapocznikow. Woszczerowicz. Kulisiewicz. Kulisiewicz - "Matka Courage" - żołnierze. Chodził w ciemności... (Pamięci Jerzego Andrzejewskiego). Witkacy. - V: Fragment dialogu.
=590  \\$aksiążka twórcy (podmiotowa)
=650  04$aHasła osobowe (literatura polska)
=650  \7$aPolish literature$2ELB-n
=655  \4$aWiersze
=710  2\$aWydawnictwo Łódzkie$1http://viaf.org/viaf/265924884
=856  42$uhttp://libri.ucl.cas.cz/Record/pl000000267$yreviewed by: Jurkowski Stefan, [no title], Życie Literackie, Kraków 1988, nr 51, s. 10$4N
=856  42$uhttp://libri.ucl.cas.cz/Record/pl000031278$yreviewed by: Gąsiorowski Krzysztof, Widno-krąg, Poezja, Warszawa 1989, nr 2, s. 35-39$4N
=995  \\$aPolska Bibliografia Literacka$bPBL 1989-2003: książki i czasopisma

