=LDR  01631nam-a22002894u-4500
=001  pl000000265
=005  20171017
=008  980226s1988----\\\\\\\\\\\\\\\\\\\\pol
=040  \\$aIBL$bpol
=100  1\$aOrłoś, Kazimierz$d(1935- )$4aut$1http://viaf.org/viaf/85472570
=245  10$aHistoria "Cudownej meliny" [Wspomn.]. Cudowna melina [Pow.] /$cKazimierz Orłoś.
=264  \1$aWarszawa : $bNiezależna Oficyna Wydawnicza,$c1988
=300  \\$a326 s. [Inf. za: Jadwiga Czachowska, Beata Dorosz: Literatura i krytyka poza cenzurą 1977-1989. Wrocław 1991]
=380  \\$iMajor genre$aLiterature$leng
=381  \\$iMajor genre$aOther$leng
=590  \\$aksiążka twórcy (podmiotowa)
=650  04$aHasła osobowe (literatura polska)
=650  \7$aPolish literature$2ELB-n
=655  \4$aPamiętniki i wspomnienia
=655  \4$aPow.
=655  \4$aWspomnienia
=710  2\$aNiezależna Oficyna Wydawnicza SOŻ$1http://viaf.org/viaf/38150516749803442169
=856  42$uhttp://libri.ucl.cas.cz/Record/pl000000266$yreviewed by: [no author], [no title], Wybór, [Warszawa] 1988, nr 21, s. 2$4N
=856  42$uhttp://libri.ucl.cas.cz/Record/pl000000268$yreviewed by: Kaczyński Andrzej, [no title], Kultura Niezależna, Warszawa 1988, nr 38, s. 58-62$4N
=856  42$uhttp://libri.ucl.cas.cz/Record/pl000039418$yreviewed by: [no author], [no title], Życie Literackie, Kraków 1989, nr 21, s. 16$4N
=856  42$uhttp://libri.ucl.cas.cz/Record/pl000044581$yreviewed by: Teyszerski Romuald, Boże mój, cóż za marnotrawstwo, Kierunki, Warszawa 1989, nr 44, s. 12$4N
=995  \\$aPolska Bibliografia Literacka$bPBL 1989-2003: książki i czasopisma

