=LDR  01351nam-a22002534u-4500
=001  pl000000269
=005  20090130
=008  980226s1988----\\\\\\\\\\\\\\\\\\\\pol
=040  \\$aIBL$bpol
=100  1\$aJesionowski, Jerzy$d(1919-1992)$4aut$1http://viaf.org/viaf/93349118
=245  10$aRzeczy nie do rzeczy. /$cJerzy Jesionowski ; Il. Teresa Wilbik
=264  \1$aWarszawa : $bNasza Księgarnia,$c1988
=300  \\$a[44] s.
=380  \\$iMajor genre$aLiterature$leng
=381  \\$iMajor genre$aLyrical poetry$leng
=520  2\$aDawniej. Magik. Nie do wiary. Rachunek. Dlaczego? O mamie i Samie. Czemu jajo nie ma skrzydeł? Niezwykły smiok. O czym kto marzy. Co można. Zarozumialec. Wynalazki. Kłopot z geografią. Egzamin. Filip z Konopi. W piekarni. Przyjaźń. Poeta. Rozmowa z wężem. Pani Sowa. Flądra-samochwała. Sroki-oszustki. Lew i pochlebca. Od Autora.
=590  \\$aksiążka twórcy (podmiotowa)
=650  04$aHasła osobowe (literatura polska)
=650  \7$aPolish literature$2ELB-n
=655  \4$aWiersze
=700  1\$aWilbik, Teresa$eIlustrator$4ill
=710  2\$a"Nasza Księgarnia"$1http://viaf.org/viaf/147390924
=856  42$uhttp://libri.ucl.cas.cz/Record/pl000000271$yreviewed by: [no author], [no title], Nowe Książki, Warszawa 1988, nr 10, s. 30-31$4N
=995  \\$aPolska Bibliografia Literacka$bPBL 1989-2003: książki i czasopisma

