=LDR  00918nam-a22002174u-4500
=001  pl000000270
=005  20090224
=008  980226s1988----\\\\\\\\\\\\\\\\\\\\\\\
=040  \\$aIBL$bpol
=100  1\$aOrzeszkowa, Eliza$d(1841-1910)$4aut$1http://viaf.org/viaf/44349228
=245  10$aBlumenhochzeit. Ein Maerchen /$cEliza Orzeszkowa ; [Tł.] B. Rogatyn. [Rys.] Rebecca Berlinger. [Red.] Karl Dedecius.
=264  \1$aFrankfurt am Main : $bInsel,$c1988
=300  \\$a59 s.
=590  \\$aksiążka twórcy (podmiotowa)
=650  04$aHasła osobowe (literatura polska)
=650  04$aPrzekłady z literatury polskiej na języki obce, niemiecki
=650  \7$aPolish literature$2ELB-n
=700  1\$aBerlinger, Rebecca$eRysunki$4ill
=700  1\$aDedecius, Karl$d(1921-2016)$eRedakcja$4edt$1http://viaf.org/viaf/9875971
=700  1\$aRogatyn, B.$eTłumacz$4trl
=995  \\$aPolska Bibliografia Literacka$bPBL 1989-2003: książki i czasopisma

