=LDR  00739nam-a22001814u-4500
=001  pl000000272
=005  20090217
=008  980226s1988----\\\\\\\\\\\\\\\\\\\\pol
=040  \\$aIBL$bpol
=100  1\$aJeske-Choiński, Teodor$d(1854-1920)$4aut$1http://viaf.org/viaf/24645778
=245  10$aŻydzi na tułactwie /$cTeodor Jeske-Choiński.
=264  \1$aKraków : $bKrajowa Agencja Wydawnicza,$c1988
=300  \\$a216 s. [Przedr. fotooffs. "Wieku", Warszawa 1884]
=590  \\$aksiążka twórcy (podmiotowa)
=650  04$aHasła osobowe (literatura polska)
=650  \7$aPolish literature$2ELB-n
=710  2\$aKrajowa Agencja Wydawnicza$1http://viaf.org/viaf/113151776812418012159
=995  \\$aPolska Bibliografia Literacka$bPBL 1989-2003: książki i czasopisma

