=LDR  00730nam-a22001814u-4500
=001  pl000000273
=005  20090217
=008  980226s1988----\\\\\\\\\\\\\\\\\\\\pol
=040  \\$aIBL$bpol
=100  1\$aJeż, Teodor Tomasz$d(1824-1915)$4aut$1http://viaf.org/viaf/64050740
=245  10$aSylwety emigracyjne /$cTeodor Tomasz Jeż.
=264  \1$aKraków : $bKrajowa Agencja Wydawnicza,$c1988
=300  \\$a321 s. [Reprodukcja fotooffs., oryg.: Lwów 1904]
=590  \\$aksiążka twórcy (podmiotowa)
=650  04$aHasła osobowe (literatura polska)
=650  \7$aPolish literature$2ELB-n
=710  2\$aKrajowa Agencja Wydawnicza$1http://viaf.org/viaf/113151776812418012159
=995  \\$aPolska Bibliografia Literacka$bPBL 1989-2003: książki i czasopisma

