=LDR  02279nam-a22001934u-4500
=001  pl000000281
=005  20090213
=008  980227s1988----\\\\\\\\\\\\\\\\\\\\pol
=040  \\$aIBL$bpol
=245  10$aStudia z teorii literatury. Archiwum przekładów "Pamiętnika Literackiego"$n2 /$c[no author] ; Pod red. K. Bartoszyńskiego, M. Głowińskiego, H. Markiewicza
=264  \1$aWrocław : $bZakład Narodowy im. Ossolińskich,$c1988
=300  \\$a453 s.
=520  2\$a[Od Redakcji]. - R. Ohmann: Literatura jako akt. Tł. B. Kowalik i W. Krajka. - J.R. Searle: Status logiczny wypowiedzi fikcyjnej. Tł. H. Buczyńska-Garewicz. - J. Culler: Presupozycja i intertekstualność. Tł. K. Rosner. - E.D. Hirsch jr: Interpretacja obiektywna. Tł. P. Graff. - H. Hatzfeld: O problemie interpretacji literackiej ponownie. Tł. W. Krajka. - K. Burke: Tradycyjne zasady retoryki. Tł. K. Biskupski. - Tz. Todorov: Tropy i figury. Tł. W. Krzemień. - B. Emrich: Topika i topoi. Tł. J. Koźbiał. - G. Genette: Gatunki, "typy", tryby. Tł. K. Falicka. - Tz. Todorov: O pochodzeniu gatunków. Tł. A. Labuda. - K.H. Hempfer: Teoria gatunków (Wybrane fragmenty). Tł. M. Łukasiewicz. - Ju. I. Lewin: Liryka w świetle komunikacji. Tł. J. Faryno. - E. Souriau: Czym jest sytuacja dramatyczna? Tł. B. Labuda. - Ju. M. Lotman: Problematyka przestrzeni artystycznej. Tł. J. Faryno. - G. Genette: Przestrzeń i język. Tł. A. W. Labuda. - D.L. Sayers: O pisaniu i czytaniu utworów alegorycznych. Tł. P. Graff. - L.B. Jennings: Termin "groteska". Tł. M.B. Fedewicz. - H.R. Jauss: Czytelnik jako instancja nowej historii literatury. Tł. K. Krzemieniowa. - E. Wolff: Czytelnik pożądany (Rozważania i przykłady dotyczące wprowadzenia pewnego literaturoznawczego pojęcia). Tł. W. Bialik. - K.R. Mandelkow: Problemy historii oddziaływania. Tł. M. Łukasiewicz. - F. Crews: Czy literaturę można poddawć psychoanalizie? Tł. M.B. Fedewicz.
=590  \\$aksiążka w haśle rzeczowym
=650  04$aTeoria literatury. Ogólne
=700  1\$aBartoszyński, Kazimierz$eRedakcja$4edt
=700  1\$aGłowiński, Michał$eRedakcja$4edt
=700  1\$aMarkiewicz, Henryk$d(1922-2013)$eRedakcja$4edt$1http://viaf.org/viaf/24617736
=995  \\$aPolska Bibliografia Literacka$bPBL 1989-2003: książki i czasopisma

