=LDR  00792nam-a22002174u-4500
=001  pl000000282
=005  20090130
=008  980227s1988----\\\\\\\\\\\\\\\\\\\\pol
=040  \\$aIBL$bpol
=100  1\$aJeżewska, Barbara$4aut$1http://viaf.org/viaf/167358220
=245  10$aŚwiadectwo dojrzałości. /$cBarbara Jeżewska.
=264  \1$aLublin : $bKrajowa Agencja Wydawnicza,$c1988
=300  \\$a133 s.
=380  \\$iMajor genre$aLiterature$leng
=381  \\$iMajor genre$aFiction$leng
=590  \\$aksiążka twórcy (podmiotowa)
=650  04$aHasła osobowe (literatura polska)
=650  \7$aPolish literature$2ELB-n
=655  \4$aPowieść
=710  2\$aKrajowa Agencja Wydawnicza$1http://viaf.org/viaf/113151776812418012159
=995  \\$aPolska Bibliografia Literacka$bPBL 1989-2003: książki i czasopisma

