=LDR  01774nam-a22002534u-4500
=001  pl000000283
=005  20090217
=008  980227s1989----\\\\\\\\\\\\\\\\\\\\pol
=040  \\$aIBL$bpol
=100  1\$aJędrzejczak, Włodzimierz$d(1951- )$4aut$1http://viaf.org/viaf/102018106
=245  10$aBrak apetytu na czereśnie. /$cWłodzimierz Jędrzejczak ; Il.: Włodzimierz Bendziecha
=264  \1$aKalisz : $bWojewódzki Dom Kultury,$c1989
=300  \\$a16 s.
=380  \\$iMajor genre$aLiterature$leng
=381  \\$iMajor genre$aLyrical poetry$leng
=520  2\$aSłowo o reinkarnacji. Widząc życie od środka. Wiwisekcja. Sens istnienia jaskółek. Zabiłem dzień... Impresja na temat (Malarzowi Romanowi Dworakowi). Samotność wojownika, który ciągle w drodze (Malarzowi - Włodzimierzowi Trawińskiemu). Kroki po zroszonych mgłą ostrzach słów. Zaduszki. Nie masz komu... Rozmowy z synem, czyli nauka latania. Jak umierają anioły. Po sześciu latach... Dziedzictwo kosy i topora. Środek nocy, kilka kieliszków i co z tego wynikło. Wychodować cień dębu (Markowi Obarskiemu). Trzeba zabić łabędzia. Brak apetytu na czereśnie. Sen technologa. Głos z zaświatów odpowiada na kilka pytań.
=590  \\$aksiążka twórcy (podmiotowa)
=650  04$aHasła osobowe (literatura polska)
=650  \7$aPolish literature$2ELB-n
=655  \4$aWiersze
=700  1\$aBendziecha, Włodzimierz$eIlustrator$4ill
=856  42$uhttp://libri.ucl.cas.cz/Record/pl000052445$yreviewed by: Kozłowski Maciej M., [no title], Ziemia Kaliska, Kalisz 1989, nr 12, s. 7$4N
=856  42$uhttp://libri.ucl.cas.cz/Record/pl000100648$yreviewed by: [no author], Poza oficyną, Odra, Wrocław 1990, nr 6, s. 107$4N
=995  \\$aPolska Bibliografia Literacka$bPBL 1989-2003: książki i czasopisma

