=LDR  01755nam-a22002534u-4500
=001  pl000000284
=005  20090130
=008  980227s1988----\\\\\\\\\\\\\\\\\\\\pol
=040  \\$aIBL$bpol
=100  1\$aJȩdrzejewski, Marek$d(1956- )$4aut$1http://viaf.org/viaf/6504714
=245  10$aNiedokończony poemat snu. /$cMarek Jędrzejewski ; Il. Mikołaj Lędzion
=264  \1$aWarszawa : $bIskry,$c1988
=300  \\$a50 s.
=380  \\$iMajor genre$aLiterature$leng
=381  \\$iMajor genre$aLyrical poetry$leng
=520  2\$aPoczątek drogi. Exodus II: zasnąć. Na okoliczność buntu. Niepełnosprawny (Zygfrydowi Dziekańskiemu). Pejzaż świata. Czaszka Yorika. Ofiarowanie. Jesteś jednym z nich... Dom na ugorze. Obława. W górach. Wędrowanie w deszczu (Andrzejowi Żmudzie). Exodus. Uniesiony wysoko... Czas. Droga surrealistyczna. W drodze do... Kobiety są jak białe... Coraz dalej mieszka... Tli się w nas... W klepsydrze przelewa... O mieście, co przestało istnieć. Nie lubię zegarów... Jeszcze. Pożegnanie. Jesteśmy między sobą. Dom spokojnej starości (Ewie Lipskiej). Ślady trwania. Rocznik 1956. Niemi. Rany nam opatrz. Droga. Ręce w drodze... Aleja Róż. Song rajskiego ptaka.
=590  \\$aksiążka twórcy (podmiotowa)
=650  04$aHasła osobowe (literatura polska)
=650  \7$aPolish literature$2ELB-n
=655  \4$aWiersze
=700  1\$aLędzion, Mikołaj$eIlustrator$4ill
=856  42$uhttp://libri.ucl.cas.cz/Record/pl000000286$yreviewed by: [no author], [no title], Kultura, Warszawa 1988, nr 46, s. 10$4N
=856  42$uhttp://libri.ucl.cas.cz/Record/pl000058124$yreviewed by: Karecki Jerzy, [no title], Argumenty, Warszawa 1989, nr 2, s. 8$4N
=995  \\$aPolska Bibliografia Literacka$bPBL 1989-2003: książki i czasopisma

