=LDR  02439nam-a22002774u-4500
=001  pl000000285
=005  20090126
=008  980227s1988----\\\\\\\\\\\\\\\\\\\\pol
=040  \\$aIBL$bpol
=100  1\$aNawrocki, Grzegorz$d(1949-1998)$4aut$1http://viaf.org/viaf/65143619
=245  10$aStruktury nadziei /$cGrzegorz Nawrocki.
=264  \1$aWarszawa : $bOficyna Wydawnicza "Pokolenie",$c1988
=300  \\$a175 s.
=490  0\$aBiblioteka Reportera
=520  2\$a[Zawiera m. in.:] Trwałe wartości kultury (Rozmowa z przedstawicielami wydawnictwa "Krąg"). Otwarci, ale bez przesady (Rozmowa z redektorem naczelnym Kwartalnika Politycznego "Krytyka"). Zakazana kultura (Rozmowa z przedstawicielami Komitetu Kultury Niezależnej ). Walka o prawo (Rozmowa z przedstawicielami Komitetu Obrony Praworządności i członkami redakcji Zeszytów "Praworządność - Dokumenty").Nie jesteśmy od prostowania poglądów (Rozmowa z przedstawicielami redakcji "Wiatr od morza" i "Monitu", pism Federacji Młodzieży Walczącej w Gdańsku). Na początku drogi (Rozmowa z przedstawicielami redakcji Zeszytów Edukacji Narodowej). Wszyscy jesteśmy proletariuszami (Rozmowa z redaktorem "Robotnika"). Siła woli (Rozmowa z redaktorem "Woli"). Nas interesuje trwanie (Rozmowa z redakcją Biuletynu Informacyjnego NSZZ "Solidarność" Wytwórni Filmów Dokumentacyjnych). Kłócimy się o tytuły (Rozmowa z przedstawicielami Oficyny Literackiej (Kraków)). Teatr kocha tłok (Rozmowa z reżyserem i aktorem Teatru Domowego). Gazeta czy organ (Rozmowa z redaktorami "Tygodnika Mazowsze"). Nowa czy stara? (Rozmowa z szefem Niezależnej Oficyny Wydawniczej "Nowa").
=590  \\$aksiążka w haśle rzeczowym
=610  24$aWydawnictwa polskie po 1945 roku, Niezależna Oficyna Wydawnicza NOWA
=610  24$aWydawnictwa polskie po 1945 roku, Oficyna Literacka
=610  24$aWydawnictwa polskie po 1945 roku, Wydawnictwo Krąg
=650  04$aLiteratura współczesna 1945-1989, ogólne materiały (Literatura współczesna 1945-1989)
=650  04$aOgólne (1945-1989)
=651  \4$aKraków.
=787  \\$aCzasopiśmiennictwo polskie współczesne, Krytyka
=787  \\$aCzasopiśmiennictwo polskie współczesne, Tygodnik Mazowsze
=856  42$uhttp://libri.ucl.cas.cz/Record/pl000117841$yreviewed by: Bartoszcze Roman, [no title], Zeszyty Prasoznawcze, Kraków 1990, nr 1, s. 98-99$4N
=995  \\$aPolska Bibliografia Literacka$bPBL 1989-2003: książki i czasopisma

