=LDR  00789nam-a22002054u-4500
=001  pl000000288
=005  20090217
=008  980227s1988----\\\\\\\\\\\\\\\\\\\\pol
=040  \\$aIBL$bpol
=100  1\$aJędrzejewski, Zygmunt$d(1917-2000)$4aut$1http://viaf.org/viaf/2877037
=245  10$aOd września do września. /$cZygmunt Jędrzejewski.
=264  \1$aWarszawa : $bPax,$c1988
=300  \\$a218 s., [24] s. tabl.: fot., pl., portr.
=590  \\$aksiążka twórcy (podmiotowa)
=650  04$aHasła osobowe (literatura polska)
=650  04$aTematy, motywy, Wojna światowa II, okupacja
=650  \7$aPolish literature$2ELB-n
=655  \4$aWspomn. z l. 1939-1944
=710  2\$aPax$1http://viaf.org/viaf/9025159477815627990007
=995  \\$aPolska Bibliografia Literacka$bPBL 1989-2003: książki i czasopisma

