=LDR  01114nam-a22002414u-4500
=001  pl000000289
=005  20090217
=008  980227s1989----\\\\\\\\\\\\\\\\\\\\pol
=040  \\$aIBL$bpol
=100  1\$aJochimek, Jerzy$d(1920-2010)$4aut$1http://viaf.org/viaf/44386031
=245  10$aZa kręgiem. /$cJerzy Jochimek ; Autor posłowia: Józef Henryk Wiśniewski
=264  \1$aWarszawa : $bWydawnictwo "Przedświt",$c1989
=300  \\$a291 s.
=380  \\$iMajor genre$aLiterature$leng
=381  \\$iMajor genre$aFiction$leng
=590  \\$aksiążka twórcy (podmiotowa)
=650  04$aHasła osobowe (literatura polska)
=650  \7$aPolish literature$2ELB-n
=655  \4$aPowieść
=700  1\$aWiśniewski, Józef Henryk$eAutor posłowia$4aft
=856  42$uhttp://libri.ucl.cas.cz/Record/pl000000290$yreviewed by: Lubelska Magdalena, [no title], Arka, Kraków 1988, nr 23, s. 115-117$4N
=856  42$uhttp://libri.ucl.cas.cz/Record/pl000000291$yreviewed by: Rogatko Bogdan, [no title], Miesięcznik Małopolski, [Kraków] 1988, nr 19, s. 75-77$4N
=995  \\$aPolska Bibliografia Literacka$bPBL 1989-2003: książki i czasopisma

