=LDR  00626nam-a22001694u-4500
=001  pl000000292
=005  20090213
=008  980227s1988----\\\\\\\\\\\\\\\\\\\\pol
=040  \\$aIBL$bpol
=100  1\$aTatarkiewicz, Władysław$4aut
=245  10$aDzieje sześciu pojęć. Sztuka, piękno, forma, twórczość, odtwórczość, przeżycia estetyczne /$cWładysław Tatarkiewicz.
=250  \\$a4
=264  \1$aWarszawa : $bPaństwowe Wydawnictwo Naukowe,$c1988
=300  \\$a437 s., il.
=590  \\$aksiążka w haśle rzeczowym
=650  04$aTeoria literatury. Ogólne
=995  \\$aPolska Bibliografia Literacka$bPBL 1989-2003: książki i czasopisma

