=LDR  00736nam-a22002174u-4500
=001  pl000000293
=005  20090130
=008  980227s1988----\\\\\\\\\\\\\\\\\\\\pol
=040  \\$aIBL$bpol
=100  1\$aJordan, Kazimierz$d(1956- )$4aut$1http://viaf.org/viaf/164400774
=245  10$aNiebieski krąg. /$cKazimierz Jordan.
=264  \1$aSzczecin : $bGlob,$c1988
=300  \\$a274 s.
=380  \\$iMajor genre$aLiterature$leng
=381  \\$iMajor genre$aFiction$leng
=590  \\$aksiążka twórcy (podmiotowa)
=650  04$aHasła osobowe (literatura polska)
=650  \7$aPolish literature$2ELB-n
=655  \4$aPowieść
=710  2\$aGlob$1http://viaf.org/viaf/311400713
=995  \\$aPolska Bibliografia Literacka$bPBL 1989-2003: książki i czasopisma

