=LDR  01609nam-a22002654u-4500
=001  pl000000294
=005  20090126
=008  980227s1988----\\\\\\\\\\\\\\\\\\\\pol
=040  \\$aIBL$bpol
=100  1\$aNyczek, Tadeusz$4aut
=245  10$aEmigranci /$cTadeusz Nyczek.
=264  \1$aKraków : $bOficyna Literacka,$c1988
=300  \\$a245 s.
=520  2\$a[Dot. twórcz. pisarzy: S. Barańczak, J. Kott, S. Mrożek, A. Wat, A. Zagajewski].
=590  \\$aksiążka w haśle rzeczowym
=650  04$aLiteratura współczesna 1945-1989, ogólne materiały (Literatura współczesna 1945-1989)
=650  04$aOgólne (1945-1989)
=710  2\$aOficyna Literacka$1http://viaf.org/viaf/296243651
=856  42$uhttp://libri.ucl.cas.cz/Record/pl000000300$yreviewed by: Nasiłowska Anna, [no title], Res Publica, Warszawa 1988, nr 12, s. 127-128$4N
=856  42$uhttp://libri.ucl.cas.cz/Record/pl000000301$yreviewed by: Rogatko Bogdan, [no title], 1988, nr 9, s. 142-145$4N
=856  42$uhttp://libri.ucl.cas.cz/Record/pl000000310$yreviewed by: [no author], [no title], Kontakt, Vanves 1988, nr 9, s. 102-104$4N
=856  42$uhttp://libri.ucl.cas.cz/Record/pl000000314$yreviewed by: [no author], [no title], Wybór, [Warszawa] 1988, nr 20, s. 1$4N
=856  42$uhttp://libri.ucl.cas.cz/Record/pl000030677$yreviewed by: Komendant Tadeusz, [no title], Twórczość, Warszawa 1989, nr 4, s. 110-114$4N
=856  42$uhttp://libri.ucl.cas.cz/Record/pl000042985$yreviewed by: Morawiec Elżbieta, [no title], Tygodnik Powszechny, Kraków 1989, nr 3, s. 6$4N
=995  \\$aPolska Bibliografia Literacka$bPBL 1989-2003: książki i czasopisma

