=LDR  01194nam-a22002534u-4500
=001  pl000000295
=005  20090130
=008  980227s1988----\\\\\\\\\\\\\\\\\\\\pol
=040  \\$aIBL$bpol
=100  1\$aJózefacka, Maria$d(1942- )$4aut$1http://viaf.org/viaf/17260945
=245  10$aGodzina Oriona. /$cMaria Józefacka.
=264  \1$aLublin : $bWydawnictwo Lubelskie,$c1988
=300  \\$a199 s.
=380  \\$iMajor genre$aLiterature$leng
=381  \\$iMajor genre$aFiction$leng
=520  2\$aGodzina kochanków. Godzina aktorek. Godzina Kustosza. Godzina cieni. Godzina architekta. Godzina następcy. Godzina anarchisty. Godzina przyjaciół. Godzina wdów. Godzina Małgorzaty. Godzina sekretarza. Godzina Oriona.
=590  \\$aksiążka twórcy (podmiotowa)
=650  04$aHasła osobowe (literatura polska)
=650  \7$aPolish literature$2ELB-n
=655  \4$aOpowiadania
=655  \4$aOpowiadania i nowele
=710  2\$aWydawnictwo Lubelskie$1http://viaf.org/viaf/268580671
=856  42$uhttp://libri.ucl.cas.cz/Record/pl000000297$yreviewed by: Iwasiów Inga, [no title], Nowe Książki, Warszawa 1988, nr 12, s. 80-82$4N
=995  \\$aPolska Bibliografia Literacka$bPBL 1989-2003: książki i czasopisma

