=LDR  01382nam-a22001934u-4500
=001  pl000000296
=005  20121214
=008  980227s1988----\\\\\\\\\\\\\\\\\\\\pol
=040  \\$aIBL$bpol
=245  10$aTekst (czytelnik) margines /$c[no author] ; Pod red. Wojciecha Kalagi i Tadeusza Sławka
=264  \1$aKatowice : $bUniwersytet Śląski,$c1988
=300  \\$a220 s.
=490  0\$a296 ; $vPrace Naukowe Uniwersytetu Śląskiego w Katowicach
=520  2\$aW. Kalaga, T. Sławek: Wstęp. * Emanuel Prower: Tekst i czytelnik. Przegląd problematyki. - Wacław Mucha: Kategoria odbiorcy tekstu artystycznego w pracach literaturoznawców radzieckich. - W. Kalaga, E. Prower: Interpretant a kategoria odbiorcy. - W. Kalaga: O tożsamości czytelnika. - Tadeusz Rachwał: O co pytamy, czyli duszenie Desdemony [o wzajemnym oddziaływaniu literatury i teorii literatury]. - T. Sławek: Minotaur (O czytelniku w pismach Nietzschego). - T. Sławek: "Czytająca list przy otwartym oknie" [dot. obrazu J. Vermeera van Delft]. * T. Rachwał: Tekst. - W. Kalaga: Margines. - T. Sławek: Nawias. - E. Prower: Czytelnik.
=590  \\$aksiążka w haśle rzeczowym
=650  04$aTeoria tekstu i dyskursu
=700  1\$aKalaga, Wojciech$eRedakcja$4edt
=700  1\$aSławek, Tadeusz$d(1946- )$eRedakcja$4edt$1http://viaf.org/viaf/56626340
=995  \\$aPolska Bibliografia Literacka$bPBL 1989-2003: książki i czasopisma

