=LDR  00808nam-a22002174u-4500
=001  pl000000298
=005  20090217
=008  980227s1988----\\\\\\\\\\\\\\\\\\\\pol
=040  \\$aIBL$bpol
=100  1\$aJóźwiak, Wanda$d(1927- )$4aut$1http://viaf.org/viaf/48458534
=245  10$aCierpienia macierzyństwa. /$cWanda Jóźwiak ; Wojewódzki Zakład Usług Socjalnych Kuratorium Oświaty i Wychowania w Gdańsku.
=264  \1$aS.l. : $bs.n.,$c1988
=300  \\$a16 s.
=380  \\$iMajor genre$aLiterature$leng
=381  \\$iMajor genre$aFiction$leng
=590  \\$aksiążka twórcy (podmiotowa)
=650  04$aHasła osobowe (literatura polska)
=650  \7$aPolish literature$2ELB-n
=655  \4$aOpowiadania
=655  \4$aOpowiadania i nowele
=995  \\$aPolska Bibliografia Literacka$bPBL 1989-2003: książki i czasopisma

