=LDR  01289nam-a22002414u-4500
=001  pl000000299
=005  20090217
=008  980227s1988----\\\\\\\\\\\\\\\\\\\\pol
=040  \\$aIBL$bpol
=100  1\$aJułga, Kazimierz$d(1935-2002)$4aut$1http://viaf.org/viaf/53925128
=245  10$aW smudze Wisły. /$cKazimierz Jułga ; Oprac. graf. Łukasz Płotkowski
=264  \1$aBydgoszcz : $bKujawsko-Pomorskie Towarzystwo Kulturalne,$c1988
=380  \\$iMajor genre$aLiterature$leng
=381  \\$iMajor genre$aLyrical poetry$leng
=520  2\$aWisła. Warować będzie kamień. Skrzydła. Dopiero co urodzona. W błyskach blach samochodów. Budzik. Conocne uczenie się niebytu. Mrozy. Ból. Obłoki niczyje. W smudze Wisły. - Krzysztof Nowicki: [Nota o aut.].
=590  \\$aksiążka twórcy (podmiotowa)
=650  04$aHasła osobowe (literatura polska)
=650  \7$aPolish literature$2ELB-n
=655  \4$aWiersze
=700  1\$aPłotkowski, Łukasz$eOpracowanie graficzne$4bkd
=710  2\$aKujawsko-Pomorskie towarzystwo kulturalne$1http://viaf.org/viaf/262968530
=856  42$uhttp://libri.ucl.cas.cz/Record/pl000038792$yreviewed by: Lebioda Dariusz Tomasz, [no title], Życie Literackie, Kraków 1989, nr 51/52, s. 14$4N
=995  \\$aPolska Bibliografia Literacka$bPBL 1989-2003: książki i czasopisma

