=LDR  00950nam-a22002534u-4500
=001  pl000000302
=005  20090202
=008  980227s1988----\\\\\\\\\\\\\\\\\\\\pol
=040  \\$aIBL$bpol
=100  1\$aJurczyński, Andrzej$4aut$1http://viaf.org/viaf/15182810
=245  10$aŚwit nad Elblągiem. /$cAndrzej Jurczyński.
=264  \1$aWarszawa : $bWydawnictwo Ministerstwa Obrony Narodowej,$c1988
=300  \\$a109 s.
=380  \\$iMajor genre$aLiterature$leng
=381  \\$iMajor genre$aFiction$leng
=490  0\$a302 ; $vDruga Wojna Światowa: bohaterowie, operacje, kulisy
=590  \\$aksiążka twórcy (podmiotowa)
=650  04$aHasła osobowe (literatura polska)
=650  \7$aPolish literature$2ELB-n
=651  \4$aElbląg
=655  \4$aOpowiadania
=655  \4$aOpowiadania i nowele
=710  2\$aWydawnictwo Ministerstwa Obrony Narodowej$1http://viaf.org/viaf/156428269
=995  \\$aPolska Bibliografia Literacka$bPBL 1989-2003: książki i czasopisma

