=LDR  01552nam-a22002534u-4500
=001  pl000000303
=005  20090302
=008  980227s1989----\\\\\\\\\\\\\\\\\\\\pol
=040  \\$aIBL$bpol
=100  1\$aJustynowicz, Bogdan$d(1939- )$4aut$1http://viaf.org/viaf/264046538
=245  10$aWiersze wybrane /$cBogdan Justynowicz ; Wstępem opatrzyła Iwona Smolka
=264  \1$aGdańsk : $bWydawnictwo Morskie,$c1989
=300  \\$a206 s.
=520  2\$a[Zawiera wiersze z tomów: "Miłość, nasz syn", "Rok świetlny", "Południk elegii", "Przed jutrem", "Przenikanie", "Ćwiczenie dykcji"].
=590  \\$aksiążka twórcy (podmiotowa)
=650  04$aHasła osobowe (literatura polska)
=650  \7$aPolish literature$2ELB-n
=700  1\$aSmolka, Iwona$d(1944- )$eWstęp$4aui$1http://viaf.org/viaf/71529497
=710  2\$aWydawnictwo Morskie$1http://viaf.org/viaf/137579596
=856  42$uhttp://libri.ucl.cas.cz/Record/pl000000306$yreviewed by: Żuliński Leszek, [no title], Autograf, Gdańsk 1988, nr 2, s. 53-54$4N
=856  42$uhttp://libri.ucl.cas.cz/Record/pl000032439$yreviewed by: Borzęcki Jan Adam, "Bóg czy Ból?", Poezja, Warszawa 1989, nr 8, s. 104-106$4N
=856  42$uhttp://libri.ucl.cas.cz/Record/pl000056782$yreviewed by: Łączkowski Zdzisław, [no title], Słowo Powszechne, Warszawa 1989, nr 54, s. 4$4N
=856  42$uhttp://libri.ucl.cas.cz/Record/pl000088931$yreviewed by: Konecka Krystyna, "Adwersarz" Terencjusza, Nowe Książki, Warszawa 1990, nr 4, s. 52-53$4N
=995  \\$aPolska Bibliografia Literacka$bPBL 1989-2003: książki i czasopisma

