=LDR  00707nam-a22001934u-4500
=001  pl000000307
=005  20090202
=008  980227s1988----\\\\\\\\\\\\\\\\\\\\pol
=040  \\$aIBL$bpol
=100  1\$aEdigey, Jerzy$d(1912-1983)$4aut$1http://viaf.org/viaf/625224
=245  10$aKról Babilonu /$cJerzy Edigey ; Oprac. graf.: Władysław Brykczyński
=250  \\$a2
=264  \1$aWarszawa : $bZrzeszenie Księgarstwa,$c1988
=300  \\$a191 s.
=590  \\$aksiążka twórcy (podmiotowa)
=650  04$aHasła osobowe (literatura polska)
=650  \7$aPolish literature$2ELB-n
=700  1\$aBrykczyński, Władysław$eOpracowanie graficzne$4bkd
=995  \\$aPolska Bibliografia Literacka$bPBL 1989-2003: książki i czasopisma

