=LDR  00801nam-a22002054u-4500
=001  pl000000308
=005  20090202
=008  980227s1988----\\\\\\\\\\\\\\\\\\\\\\\
=040  \\$aIBL$bpol
=100  1\$aEdigey, Jerzy$d(1912-1983)$4aut$1http://viaf.org/viaf/625224
=245  10$aVystrel y na razcesti. Smrt' pred oknom. Pribeh jednej pistole /$cJerzy Edigey ; [Tł.] Matej Andrash
=264  \1$aTrnava : $bZelena Kniznica,$c1988
=300  \\$a482 s.
=590  \\$aksiążka twórcy (podmiotowa)
=650  04$aHasła osobowe (literatura polska)
=650  04$aPrzekłady z literatury polskiej na języki obce, słowacki
=650  \7$aPolish literature$2ELB-n
=650  \7$aSlovak literature$2ELB-n
=700  1\$aAndras, Matej$eTłumacz$4trl
=995  \\$aPolska Bibliografia Literacka$bPBL 1989-2003: książki i czasopisma

