=LDR  00921nam-a22001814u-4500
=001  pl000000309
=005  20181011
=008  980227s1988----\\\\\\\\\\\\\\\\\\\\pol
=040  \\$aIBL$bpol
=100  1\$aZalewski, Andrzej$d(1947- )$4aut$1http://viaf.org/viaf/300418580
=245  10$aDyskurs w narracji fikcjonalnej /$cAndrzej Zalewski ; PAN. Komitet Nauk o Literaturze Polskiej.
=264  \1$aWrocław : $bZakład Narodowy im. Ossolińskich,$c1988
=300  \\$a212 s. [Z Prac Instytutu Teorii Literatury, Teatru i Filmu Uniwersytetu Łódzkiego]
=490  0\$a309 ; $vRozprawy Literackie
=590  \\$aksiążka w haśle rzeczowym
=650  04$aTeoria tekstu i dyskursu
=856  42$uhttp://libri.ucl.cas.cz/Record/pl000055538$yreviewed by: Ulicka Danuta, [no title], Pamiętnik Literacki, Wrocław, Warszawa, Kraków, Gdańsk, Łódź 1989, z. 3, s. 374-382$4N
=995  \\$aPolska Bibliografia Literacka$bPBL 1989-2003: książki i czasopisma

