=LDR  00900nam-a22002294u-4500
=001  pl000000312
=005  20090218
=008  980227s1988----\\\\\\\\\\\\\\\\\\\\pol
=040  \\$aIBL$bpol
=100  1\$aEjbich, Bohdan$d(1916-2013)$4aut$1http://viaf.org/viaf/57894703
=245  10$aGdzie niebo się kończy. /$cBohdan Ejbich.
=264  \1$aToronto : $bNakładem autora,$c1988
=300  \\$a191 s., [8] s. tabl.
=380  \\$iMajor genre$aLiterature$leng
=381  \\$iMajor genre$aOther$leng
=590  \\$aksiążka twórcy (podmiotowa)
=650  04$aHasła osobowe (literatura polska)
=650  \7$aPolish literature$2ELB-n
=655  \4$aPamiętniki i wspomnienia
=655  \4$aWspomnienia
=856  42$uhttp://libri.ucl.cas.cz/Record/pl000000315$yreviewed by: Wujek Hilary, [no title], Orzeł Biały, Londyn 1988, nr 1426, s. 64$4N
=995  \\$aPolska Bibliografia Literacka$bPBL 1989-2003: książki i czasopisma

