=LDR  02105nam-a22002534u-4500
=001  pl000000313
=005  20090213
=008  980227s1988----\\\\\\\\\\\\\\\\\\\\pol
=040  \\$aIBL$bpol
=100  1\$aŻółkiewski, Stefan$4aut
=245  10$aTeksty kultury. Studia /$cStefan Żółkiewski ; Polska Akademia Nauk. Wydział I Nauk Społecznych.
=264  \1$aWarszawa : $bPaństwowe Wydawnictwo Naukowe,$c1988
=300  \\$a288 s.
=520  2\$aPożytki poznawcze i granice stosowania analizy tekstów kultury. Orientacje semiotyczne w badaniach literackich XX wieku. Bachtin. O stosunku kultury i społeczeństwa. O genezie współczesnej poetyki teoretycznej. Miejsce literatury w kulturze polskiej XX wieku. Wpływ rewolucji 1905-1907 na kulturę.
=590  \\$aksiążka w haśle rzeczowym
=650  04$aTeoria literatury. Ogólne
=856  42$uhttp://libri.ucl.cas.cz/Record/pl000055741$yreviewed by: Brodzka Alina, [no title], Pamiętnik Literacki, Wrocław, Warszawa, Kraków, Gdańsk, Łódź 1989, z. 4, s. 353-358$4N
=856  42$uhttp://libri.ucl.cas.cz/Record/pl000055741$yreviewed by: Kordys Jan, [no title], Pamiętnik Literacki, Wrocław, Warszawa, Kraków, Gdańsk, Łódź 1989, z. 4, s. 353-358$4N
=856  42$uhttp://libri.ucl.cas.cz/Record/pl000072289$yreviewed by: Ossowski Jerzy S., [no title], Zdanie, Kraków 1989, nr 11/12, s. 87-88$4N
=856  42$uhttp://libri.ucl.cas.cz/Record/pl000072457$yreviewed by: Dmitruk Krzysztof, [no title], Przegląd Humanistyczny, Warszawa 1989, nr 6, s. 169-175$4N
=856  42$uhttp://libri.ucl.cas.cz/Record/pl000073305$yreviewed by: Gołębiowski Bronisław, [no title], Kultura i Społeczeństwo, Warszawa 1989, nr 1, s. 276-277$4N
=856  42$uhttp://libri.ucl.cas.cz/Record/pl000096770$yreviewed by: Ossowski Jerzy S., Człowiek - maszyna tekstotwórcza, Kultura i Społeczeństwo, Warszawa 1990, nr 4, s. 155-161$4N
=856  42$uhttp://libri.ucl.cas.cz/Record/pl000201119$yreviewed by: [no author], [no title], Sygnały Semiotyczne, Warszawa 1992, nr 1, s. 53-54$4N
=995  \\$aPolska Bibliografia Literacka$bPBL 1989-2003: książki i czasopisma

