=LDR  01599nam-a22002534u-4500
=001  pl000000317
=005  20090202
=008  980227s1988----\\\\\\\\\\\\\\\\\\\\pol
=040  \\$aIBL$bpol
=100  1\$aErnst, Jan$d(1909-1993)$4aut$1http://viaf.org/viaf/64805303
=245  10$aDwie linie życia. /$cJan Ernst.
=264  \1$aLublin : $bWydawnictwo Lubelskie,$c1988
=520  2\$aT. 1: Ja i mój Lwów. 1988, 275 s., faks., fot.T. 2: Warszawa, Łódź i Lublin. 1988, 269 s., faks., fot., portr.
=590  \\$aksiążka twórcy (podmiotowa)
=650  04$aHasła osobowe (literatura polska)
=650  \7$aPolish literature$2ELB-n
=655  \4$aPam. 1939-74
=710  2\$aWydawnictwo Lubelskie$1http://viaf.org/viaf/268580671
=856  42$uhttp://libri.ucl.cas.cz/Record/pl000000318$yreviewed by: Baczewska Anna, [no title], Życie Warszawy, Warszawa 1988, nr 271, s. 7$4N
=856  42$uhttp://libri.ucl.cas.cz/Record/pl000044271$yreviewed by: [no author], [no title], Kultura, Warszawa 1989, nr 8, s. 11$4N
=856  42$uhttp://libri.ucl.cas.cz/Record/pl000058029$yreviewed by: Hollanek Adam, [no title], Fantastyka, Warszawa 1989, nr 2, s. 59$4N
=856  42$uhttp://libri.ucl.cas.cz/Record/pl000065942$yreviewed by: Prasek Cezary, [no title], Przyjaźń, Warszawa 1989, nr 1, s. 17$4N
=856  42$uhttp://libri.ucl.cas.cz/Record/pl000070731$yreviewed by: Wójcik Zbigniew J., [no title], Kwartalnik Historii Nauki i Techniki = Quarterly Journal of the History of Science and Technology, Warszawa 1989, r. 34 nr 2, s. 375-377$4N
=995  \\$aPolska Bibliografia Literacka$bPBL 1989-2003: książki i czasopisma

