=LDR  00551nam-a22001694u-4500
=001  pl000000320
=005  20090213
=008  980227s1988----\\\\\\\\\\\\\\\\\\\\pol
=040  \\$aIBL$bpol
=100  1\$aMitosek, Zofia$4aut
=245  10$aTeorie badań literackich. Przegląd historyczny /$cZofia Mitosek.
=250  \\$a2
=264  \1$aWarszawa : $bPaństwowe Wydawnictwo Naukowe,$c1988
=300  \\$a399 s.
=590  \\$aksiążka w haśle rzeczowym
=650  04$aMetodologia badań literackich
=995  \\$aPolska Bibliografia Literacka$bPBL 1989-2003: książki i czasopisma

