=LDR  01962nam-a22001934u-4500
=001  pl000000321
=005  20121129
=008  980227s1988----\\\\\\\\\\\\\\\\\\\\\\\
=040  \\$aIBL$bpol
=245  10$aProblemes de terminologie litteraire /$c[no author] ; Red. Józef Heistein
=264  \1$aWrocław : $bWydawnictwa Uniwersytetu Wrocławskiego; \1$aParis : $bA.G. Nizet,$c1988
=300  \\$a179 s.
=490  0\$a321 ; $vRomanica Wratislaviensia
=490  0\$aActa Universitatis Wratislaviensis; no 1080.
=520  2\$aJ. Heistein: Avant-propos. - R. Martin: Terminologie et problematique des genres litteraires. - T. Stróżyński: La reconnaissance: definition, typologie, problems d'analyse. - M. Chomicz: Dialogue - contextes et significations du terme. - C. Roubaud: J. Cocteau et les genres litteraires. - R. Modrzewska: Theatralisation, autothematism, theatre dans le theatre. - J.-P. Goldenstein: Sur quelques presupposes du discours critique. - K. Gabryjelska: Les limites de la litterature dans les articles de l'Encyclopedie de Diderot. - J. Heistein: L'epithete "politique" en rapport avec la litterature. - D. Madelenat: Le concept d'intimisme en histoire litteraire. - P. Malandain: Les termes de l'intertextologie. - Ch. Moatti: Intertextualite: Le cas Malraux. - A. Gnisci: Mondanite de la litterature et devoilement de la critique. - K. Jarosz: Autour de l'autotelisme. - H. Sawecka: Invariants en tant qu'objets de recherches comparatistes. - S. Cieślikowski, T. Cieślikowska: La langage indirect: Comprehension et incomprehension. - M. Tomicka: La "Preface" de "Mademoiselle de Maupin" de la critique au programme litteraire. - M. Mazzini: Les etudes de semiotique theatrale en Italie dans la derniere decennie: quelques apports terminologiques.
=590  \\$aksiążka w haśle rzeczowym
=650  04$aMetodologia badań literackich
=700  1\$aHeistein, Józef$eRedakcja$4edt
=995  \\$aPolska Bibliografia Literacka$bPBL 1989-2003: książki i czasopisma

