=LDR  01865nam-a22002654u-4500
=001  pl000000322
=005  20090202
=008  980227s1988----\\\\\\\\\\\\\\\\\\\\pol
=040  \\$aIBL$bpol
=100  1\$aEsden-Tempski, Stanisław$d(1952- )$4aut$1http://viaf.org/viaf/84129327
=245  10$aA przecież umarłem. /$cStanisław Esden-Tempski.
=264  \1$aSzczecin : $bGlob,$c1988
=300  \\$a55 s.
=380  \\$iMajor genre$aLiterature$leng
=381  \\$iMajor genre$aLyrical poetry$leng
=520  2\$aCroissence znaczy... - I: To Gdańsk jest moim Dublinem. Jeśli się już rozindyczyć... Lądolód. Gdańsk się rozkrapla. Ojczyzna proroków. Dziękuję za mazut. A przecież umarłem. - II: Spłynął ze mnie barok. Więc - najpierw bezwonny... Nie niesiesz ze sobą... Kim pani jest? Okazało się... Nawrócony na zwierzę (Dedykuję wszystkim znajomym pedałom). Nie wycałowane uszy. Jedną wciąż wargą. Hannah (I-VIII). - III: Proto elegia. Co przestało wystarczać? Pamiętaj o tym... Liczba trzy. Wiersz wigilijny (Jeszcze z zamkniętymi ustami ale już żywy!). Chrystus stosowany (I-VI). - [Not. na obwol.].
=590  \\$aksiążka twórcy (podmiotowa)
=650  04$aHasła osobowe (literatura polska)
=650  \7$aPolish literature$2ELB-n
=655  \4$aWiersze
=710  2\$aGlob$1http://viaf.org/viaf/311400713
=856  42$uhttp://libri.ucl.cas.cz/Record/pl000028406$yreviewed by: Szturc Włodzimierz, [no title], Nowe Książki, Warszawa 1989, nr 11, s. 60-61$4N
=856  42$uhttp://libri.ucl.cas.cz/Record/pl000046427$yreviewed by: Bigoszewska Maria, [no title], Kultura, Warszawa 1989, nr 40, s. 4$4N
=856  42$uhttp://libri.ucl.cas.cz/Record/pl000099667$yreviewed by: Janko Anna, Metafora szczura przestała wystarczać, Odra, Wrocław 1990, nr 2, s. 96-97$4N
=995  \\$aPolska Bibliografia Literacka$bPBL 1989-2003: książki i czasopisma

