=LDR  01181nam-a22002174u-4500
=001  pl000000323
=005  20090217
=008  980227s1988----\\\\\\\\\\\\\\\\\\\\pol
=040  \\$aIBL$bpol
=100  1\$aFicowski, Jerzy$d(1924-2006)$4aut$1http://viaf.org/viaf/64005552
=245  10$aList do Marc Chagalla /$cJerzy Ficowski ; Il. Marc Chagall
=264  \1$aWarszawa : $bInterpress,$c1988
=300  \\$ateka, (20 s. tabl.)
=590  \\$aksiążka twórcy (podmiotowa)
=650  04$aHasła osobowe (literatura polska)
=650  \7$aPolish literature$2ELB-n
=700  1\$aChagall, Marc$eIlustrator$4ill$1http://viaf.org/viaf/103953801
=856  42$uhttp://libri.ucl.cas.cz/Record/pl000027987$yreviewed by: Berowska Marta, [no title], Nowe Książki, Warszawa 1989, nr 10, s. 63$4N
=856  42$uhttp://libri.ucl.cas.cz/Record/pl000039048$yreviewed by: Goszczurny A., [no title], Rzeczpospolita, Warszawa 1989, nr 22, s. 4$4N
=856  42$uhttp://libri.ucl.cas.cz/Record/pl000412989$yreviewed by: Sterna-Wachowiak Sergiusz, List Marc Chagalla do Jerzego Ficowskiego, Gazeta Malarzy i Poetów, Poznań 1996, nr 1, s. 11$4N
=995  \\$aPolska Bibliografia Literacka$bPBL 1989-2003: książki i czasopisma

