=LDR  00892nam-a22002174u-4500
=001  pl000000324
=005  20090202
=008  980227s1988----\\\\\\\\\\\\\\\\\\\\pol
=040  \\$aIBL$bpol
=100  1\$aEsden-Tempski, Stanisław$d(1952- )$4aut$1http://viaf.org/viaf/84129327
=245  10$aMiędzy sierpniem a młotem. /$cStanisław Esden-Tempski.
=264  \1$aWarszawa : $bWydawnictwo "Przedświt",$c1988
=300  \\$a115 s.
=380  \\$iMajor genre$aLiterature$leng
=381  \\$iMajor genre$aFiction$leng
=590  \\$aksiążka twórcy (podmiotowa)
=650  04$aHasła osobowe (literatura polska)
=650  \7$aPolish literature$2ELB-n
=655  \4$aPowieść
=856  42$uhttp://libri.ucl.cas.cz/Record/pl000000325$yreviewed by: Kaczyński Andrzej, [no title], Kultura Niezależna, Warszawa 1988, nr 45, s. 124-130$4N
=995  \\$aPolska Bibliografia Literacka$bPBL 1989-2003: książki i czasopisma
